2948 5010
553 428 707 470 -xvn
750 442 793 452 ····

160 560 307 655 ITERV
330 562 442 641 VERS
463 575 531 638 DE
549 562 588 640 N
603 563 756 652 DIERV
770 564 1036 641 SINGVLORV
1052 566 1231 647 MENSE?

158 690 245 754 Dirc
263 705 351 777 potet
373 695 446 758 acui
464 696 604 758 romanis
627 697 726 759 r'aooa
750 697 839 760 bellis
863 699 979 758 cetera.

26 871 30 879 ,
115 806 171 873 fol.
189 797 229 879 36
253 830 305 875 au.
332 813 534 877 Tetrasta'coo.
558 816 715 877 autenticis
739 814 777 878 dc
799 815 934 900 crispulis
956 816 1122 880 mensibus.

243 930 308 992 Hic
330 931 403 994 iani
421 933 536 995 mensis
559 956 648 994 socer
672 944 717 994 est
739 955 775 995 cra
799 933 904 1016 aspice
927 935 995 998 oris
1053 961 1055 966 ·

118 1044 224 1109 finitur
245 1045 290 1110 ita
312 1048 378 1126 Quo
399 1049 501 1113 medio
524 1051 641 1141 cancri.
660 1049 774 1133 sydera
798 1049 861 1142 luico
884 1051 974 1114 acret.
1014 1069 1053 1114 ea
1076 1071 1158 1132 quae
1179 1057 1227 1116 ie-

117 1164 289 1231 trastichon
317 1165 358 1230 de
386 1166 466 1231 Iulio
496 1187 607 1232 mense
636 1171 811 1247 sequantur
840 1187 860 1230 a
887 1188 983 1231 manu
1010 1168 1229 1235 recentissima

116 1281 227 1348 addita
249 1302 320 1348 esse
343 1289 477 1350 testatur
493 1284 721 1370 Eyssenhardt.
745 1307 776 1370 p.
793 1309 867 1350 nxu.
905 1285 1031 1351 Arateis
1047 1287 1131 1351 idem
1148 1287 1226 1354 ordo

116 1420 268 1466 uersuum
289 1408 337 1467 est
352 1407 450 1485 atque
466 1404 499 1468 in
515 1404 703 1487 Basiieensi,
726 1403 811 1470 idem
834 1426 947 1471 uersus
971 1406 1079 1472 omissi
1102 1412 1228 1489 praeter

16 1526 19 1531 '
116 1541 148 1585 u.
163 1526 236 1591 402.
270 1520 449 1586 Parisinum
468 1522 602 1610 ¹quidem
625 1522 716 1606 olim,
746 1544 816 1588 cum
840 1525 963 1591 scholia
985 1525 1056 1592 sola
1078 1527 1229 1610 respicie-

116 1640 200 1718 bam,
224 1626 420 1724 superiorem
442 1643 596 1725 putabam
613 1643 804 1721 Basileensi‚
828 1664 913 1709 nunc
935 1650 1041 1710 autem
1064 1646 1159 1712 aliter
1180 1646 1228 1709 iu-

118 1756 201 1836 dico,
224 1758 314 1824 illum
335 1757 410 1824 huic
431 1761 687 1843 posthabendum
708 1767 805 1828 ratus.

202 1880 352 1945 Parisioi
366 1881 571 1965 apographon
586 1881 797 1946 Heinsiooom
820 1887 967 1946 seruatur
986 1883 1019 1946 in
1034 1881 1227 1947 bibliotheca

119 1995 209 2080 regia
230 1996 429 2062 Beroiinonsi
454 1995 522 2082 [Ms.
539 1997 628 2060 Diez.
642 1998 679 2062 B.
697 1996 785 2063 Sant.
802 2004 844 2067 94
858 2001 892 2063 in
906 1999 950 2086 4].

203 2121 232 2183 3.
266 2107 364 2181 codes
386 2117 597 2196 Matritensis,
622 2116 899 2200 membranaceus,
923 2118 1043 2183 saeculi
1063 2119 1135 2195 XII,
1159 2119 1222 2199 sig·
1243 2141 1275 2179 m

117 2238 211 2298 natus
234 2234 270 2298 Α.
293 2237 334 2300 22
364 2253 404 2298 cx
425 2233 555 2316 Ioannis
577 2234 690 2298 Iriarte
712 2237 860 2317 catalogo
883 2237 958 2301 Mss.
981 2256 1026 2318 gr.
1050 2257 1081 2319 p.
1098 2232 1160 2305 203
1183 2237 1225 2301 ab

118 2351 239 2418 Oreliio
261 2350 401 2417 Phaedri
427 2352 491 2419 fab.
514 2375 588 2419 nou.
612 2374 642 2437 p.
659 2359 700 2423 57
724 2353 766 2418 ad
791 2354 1003 2435 fragmentum
1026 2354 1072 2417 III
1093 2354 1225 2420 Arateo-
1248 2377 1250 2383 ·

117 2491 189 2534 rum
211 2470 363 2537 conlatus.
406 2472 460 2555 qui
488 2491 558 2536 oum
586 2492 626 2536 ex
647 2472 825 2556 archetypo
852 2471 925 2535 huic
951 2471 1046 2536 classi
1073 2472 1226 2537 librorum

118 2588 279 2654 simillimo
301 2587 465 2673 profectus
487 2609 558 2655 esse
580 2589 736 2670 uideatur,
759 2590 912 2656 hocloco
935 2591 1123 2655 nominatur.

193 2707 345 2804 ¹Secundi
370 2706 492 2773 ordinis
514 2708 587 2773 libri
610 2713 684 2772 sunt

204 2832 234 2893 4.
268 2826 366 2892 codex
381 2829 555 2892 Ber-ceasia
577 2853 606 2891 a.
624 2829 680 2906 88,
704 2828 978 2909 membranaceus,
1002 2824 1104 2890 forma
1126 2825 1225 2888 maxi·
1244 2828 1277 2889 B
1334 2899 1336 2903 Α

119 2966 188 3025 ma,
211 2945 331 3011 sacculi
353 2945 394 3008 X.
418 2943 458 3010 cf.
483 2944 595 3010 Orellii
616 2945 754 3011 Phaedr.
778 2945 843 3011 fab.
867 2966 897 3029 p.
917 2949 977 3013 140
1000 2963 1071 3008 cum
1093 2944 1227 3010 adnota·
1326 2920 1331 2925 ¹

119 3064 217 3129 tione.
251 3064 397 3129 conlatus
420 3067 470 3128 cst
491 3063 531 3129 ab
555 3064 692 3129 Hertzio.
726 3063 837 3147 incipit
1007 3043 1008 3046 ¹

257 3183 477 3247 Wcrs'rtbarioo
500 3184 554 3269 eps
577 3181 643 3248 ded¹
659 3189 711 3264 soc
732 3184 837 3264 Morio
934 3228 935 3231 η

251 3299 337 3366 OLA
345 3299 448 3364 VDII
466 3301 686 3369 CAESARIS
707 3300 877 3370 ARATI*
891 3297 1218 3364 PHOENOMENA.

121 3423 197 3503 post
218 3417 364 3501 singulas
387 3423 543 3482 astrorum
564 3417 795 3501 descriptiones
821 3415 959 3480 lacunae
987 3414 1118 3478 relictae
1146 3414 1232 3478 inse·

121 3534 246 3619 rendis,
274 3540 309 3599 ut
330 3535 478 3601 Hertnius
507 3537 686 3621 suspicatus
711 3542 774 3614 est,
802 3534 1009 3615 imaginibus,
1039 3553 1120 3614 quae
1146 3531 1232 3597 nunc

120 3656 155 3719 in
177 3653 374 3739 marginibus
401 3655 605 3721 interioribus
635 3654 780 3739 depictae
809 3664 891 3718 sunt.
926 3649 1049 3716 scholia
1072 3651 1233 3732 quaedam

121 3772 273 3853 leguntur
298 3772 332 3835 in
363 3773 560 3856 marginibus
588 3769 809 3839 exterioribus.
849 3768 963 3835 eadem
991 3788 1121 3846 manus,
1151 3788 1234 3850 quae

122 3889 358 3956 dedicationem
380 3889 483 3954 codici
504 3891 675 3974 inscripsit,
699 3890 819 3974 passim
842 3887 996 3952 lectiones
1021 3884 1147 3950 addidit
1169 3886 1233 3970 ple·

122 4028 257 4091 rumque
273 4029 344 4074 cum
359 4009 540 4074 Basiieensi
555 4009 773 4093 conspirantes
789 4008 874 4093 (13²).
909 4006 986 4071 crdo
1009 4025 1160 4070 uersuum
1180 4004 1231 4066 hic
1240 4007 1286 4069 B²

122 4132 172 4192 est
200 4131 308 4194 1-64.
328 4133 463 4196 90—95.
493 4131 627 4197 71-82.
648 4133 783 4196 84-89.
805 4131 856 4194 96.
881 4126 1236 4193 98-142.144—146.

128 4250 190 4314 148
203 4245 446 4312 contaminatus.
469 4243 588 4311 Auieni
599 4243 719 4310 Phaon.
732 4247 910 4312 371-374.
926 4246 1105 4312 ato-378.
1128 4240 1235 4305 Germ.

998 4361 1017 4413 b
