<?xml version="1.0" encoding="UTF-8"?>
<!DOCTYPE html PUBLIC "-//W3C//DTD XHTML 1.0 Transitional//EN"
    "http://www.w3.org/TR/xhtml1/DTD/xhtml1-transitional.dtd">
<html xmlns="http://www.w3.org/1999/xhtml" xml:lang="en" lang="en">
 <head>
  <title>
</title>
<meta http-equiv="Content-Type" content="text/html;charset=utf-8" />
  <meta name='ocr-system' content='tesseract 3.04.00' />
  <meta name='ocr-capabilities' content='ocr_page ocr_carea ocr_par ocr_line ocrx_word'/>
</head>
<body>
  <div class='ocr_page' id='page_1' title='image "./germanicicaesar00breygoog_0210.png"; bbox 0 0 2948 5010; ppageno 0'>
   <div class='ocr_carea' id='block_1_1' title="bbox 597 401 829 467">
    <p class='ocr_par' dir='ltr' id='par_1_1' title="bbox 597 401 829 467">
     <span class='ocr_line' id='line_1_1' title="bbox 597 401 829 467; baseline 0.009 -2"><span class='ocrx_word' id='word_1_1' title='bbox 597 401 829 467; x_wconf 83' lang='lat'>-169—</span> 
     </span>
    </p>
   </div>
   <div class='ocr_carea' id='block_1_2' title="bbox 113 566 1354 3191">
    <p class='ocr_par' dir='ltr' id='par_1_2' title="bbox 113 566 1354 3191">
     <span class='ocr_line' id='line_1_2' title="bbox 159 566 1309 653; baseline 0.003 -19"><span class='ocrx_word' id='word_1_2' title='bbox 159 569 248 636; x_wconf 84' lang='lat' dir='ltr'>filiae</span> <span class='ocrx_word' id='word_1_3' title='bbox 270 569 467 647; x_wconf 90' lang='lat' dir='ltr'>monstrauit,</span> <span class='ocrx_word' id='word_1_4' title='bbox 490 569 545 634; x_wconf 90' lang='lat' dir='ltr'>ubi</span> <span class='ocrx_word' id='word_1_5' title='bbox 561 574 653 653; x_wconf 88' lang='lat' dir='ltr'>pater</span> <span class='ocrx_word' id='word_1_6' title='bbox 668 566 846 653; x_wconf 73' lang='lat' dir='ltr'>insepultus</span> <span class='ocrx_word' id='word_1_7' title='bbox 869 569 996 636; x_wconf 85' lang='lat' dir='ltr'>iaceret.</span> <span class='ocrx_word' id='word_1_8' title='bbox 1022 590 1190 652; x_wconf 90' lang='lat' dir='ltr'>quaecum</span> <span class='ocrx_word' id='word_1_9' title='bbox 1214 576 1309 643; x_wconf 66' lang='lat' dir='ltr'>ue&amp;</span> 
     </span>
     <span class='ocr_line' id='line_1_3' title="bbox 160 678 1270 764; baseline 0.001 -20"><span class='ocrx_word' id='word_1_10' title='bbox 160 680 278 758; x_wconf 88' lang='lat' dir='ltr'>nisset,</span> <span class='ocrx_word' id='word_1_11' title='bbox 308 679 377 744; x_wconf 90' lang='lat' dir='ltr'>eius</span> <span class='ocrx_word' id='word_1_12' title='bbox 399 699 515 762; x_wconf 90' lang='lat' dir='ltr'>corpus</span> <span class='ocrx_word' id='word_1_13' title='bbox 543 678 690 761; x_wconf 90' lang='lat' dir='ltr'>sepeliuit</span> <span class='ocrx_word' id='word_1_14' title='bbox 716 681 852 763; x_wconf 89' lang='lat' dir='ltr'>ipsaque</span> <span class='ocrx_word' id='word_1_15' title='bbox 876 699 910 744; x_wconf 91' lang='lat' dir='ltr'>se</span> <span class='ocrx_word' id='word_1_16' title='bbox 933 680 966 743; x_wconf 92' lang='lat' dir='ltr'>in</span> <span class='ocrx_word' id='word_1_17' title='bbox 988 680 1138 764; x_wconf 81' lang='lat' dir='ltr'><strong>Hymetto</strong></span> <span class='ocrx_word' id='word_1_18' title='bbox 1161 686 1270 745; x_wconf 91' lang='lat' dir='ltr'>monte</span> 
     </span>
     <span class='ocr_line' id='line_1_4' title="bbox 162 788 1271 871; baseline -0.003 -17"><span class='ocrx_word' id='word_1_19' title='bbox 162 788 296 855; x_wconf 91' lang='lat' dir='ltr'>contulit</span> <span class='ocrx_word' id='word_1_20' title='bbox 317 789 427 871; x_wconf 86' lang='lat' dir='ltr'>ibique</span> <span class='ocrx_word' id='word_1_21' title='bbox 449 788 511 853; x_wconf 93' lang='lat' dir='ltr'>sibi</span> <span class='ocrx_word' id='word_1_22' title='bbox 532 788 649 870; x_wconf 89' lang='lat' dir='ltr'>laqueo</span> <span class='ocrx_word' id='word_1_23' title='bbox 673 793 807 853; x_wconf 91' lang='lat' dir='ltr'>mortem</span> <span class='ocrx_word' id='word_1_24' title='bbox 829 789 953 853; x_wconf 88' lang='lat' dir='ltr'>asciuit.</span> <span class='ocrx_word' id='word_1_25' title='bbox 987 796 1062 852; x_wconf 89' lang='lat' dir='ltr'>tunc</span> <span class='ocrx_word' id='word_1_26' title='bbox 1084 788 1197 854; x_wconf 87' lang='lat' dir='ltr'>dicitur</span> <span class='ocrx_word' id='word_1_27' title='bbox 1220 789 1271 852; x_wconf 92' lang='lat' dir='ltr'>Li-</span> 
     </span>
     <span class='ocr_line' id='line_1_5' title="bbox 160 897 1270 981; baseline -0.003 -16"><span class='ocrx_word' id='word_1_28' title='bbox 160 901 221 965; x_wconf 89' lang='lat' dir='ltr'>ber</span> <span class='ocrx_word' id='word_1_29' title='bbox 243 921 264 964; x_wconf 92' lang='lat' dir='ltr'>a</span> <span class='ocrx_word' id='word_1_30' title='bbox 285 901 362 964; x_wconf 90' lang='lat' dir='ltr'>Ioue</span> <span class='ocrx_word' id='word_1_31' title='bbox 383 897 516 981; x_wconf 91' lang='lat' dir='ltr'>petisse,</span> <span class='ocrx_word' id='word_1_32' title='bbox 544 901 579 961; x_wconf 93' lang='lat' dir='ltr'>ut</span> <span class='ocrx_word' id='word_1_33' title='bbox 600 897 771 979; x_wconf 81' lang='lat' dir='ltr'>Erigonem</span> <span class='ocrx_word' id='word_1_34' title='bbox 800 898 980 964; x_wconf 83' lang='lat' dir='ltr'>eticorum</span> <span class='ocrx_word' id='word_1_35' title='bbox 1008 899 1103 963; x_wconf 88' lang='lat' dir='ltr'>astris</span> <span class='ocrx_word' id='word_1_36' title='bbox 1129 898 1270 964; x_wconf 89' lang='lat' dir='ltr'>inferret.</span> 
     </span>
     <span class='ocr_line' id='line_1_6' title="bbox 161 1005 1309 1091; baseline -0.002 -16"><span class='ocrx_word' id='word_1_37' title='bbox 161 1010 252 1075; x_wconf 87' lang='lat' dir='ltr'>louis</span> <span class='ocrx_word' id='word_1_38' title='bbox 274 1015 381 1075; x_wconf 90' lang='lat' dir='ltr'>autem</span> <span class='ocrx_word' id='word_1_39' title='bbox 403 1007 515 1071; x_wconf 86' lang='lat' dir='ltr'>audita</span> <span class='ocrx_word' id='word_1_40' title='bbox 537 1007 605 1069; x_wconf 89' lang='lat' dir='ltr'>eius</span> <span class='ocrx_word' id='word_1_41' title='bbox 627 1005 779 1088; x_wconf 90' lang='lat' dir='ltr'>petitione</span> <span class='ocrx_word' id='word_1_42' title='bbox 802 1009 964 1091; x_wconf 80' lang='lat' dir='ltr'>Erigonen</span> <span class='ocrx_word' id='word_1_43' title='bbox 987 1008 1114 1090; x_wconf 89' lang='lat' dir='ltr'>signum</span> <span class='ocrx_word' id='word_1_44' title='bbox 1136 1007 1272 1089; x_wconf 89' lang='lat' dir='ltr'>uirginis</span> <span class='ocrx_word' id='word_1_45' title='bbox 1297 1026 1309 1063; x_wconf 84' lang='lat'>⁵</span> 
     </span>
     <span class='ocr_line' id='line_1_7' title="bbox 113 1115 1271 1214; baseline -0.003 -30"><span class='ocrx_word' id='word_1_46' title='bbox 113 1204 121 1214; x_wconf 17' lang='grc' dir='ltr'>ἱ</span> <span class='ocrx_word' id='word_1_47' title='bbox 162 1119 350 1202; x_wconf 86' lang='lat' dir='ltr'>nominauit,</span> <span class='ocrx_word' id='word_1_48' title='bbox 372 1119 500 1182; x_wconf 82' lang='lat' dir='ltr'><strong>Icarum</strong></span> <span class='ocrx_word' id='word_1_49' title='bbox 523 1121 628 1181; x_wconf 89' lang='lat' dir='ltr'>autem</span> <span class='ocrx_word' id='word_1_50' title='bbox 652 1123 776 1199; x_wconf 88' lang='lat' dir='ltr'>patrem</span> <span class='ocrx_word' id='word_1_51' title='bbox 797 1118 865 1182; x_wconf 91' lang='lat' dir='ltr'>eius</span> <span class='ocrx_word' id='word_1_52' title='bbox 880 1119 1047 1182; x_wconf 79' lang='lat' dir='ltr'><strong>Arcturum</strong></span> <span class='ocrx_word' id='word_1_53' title='bbox 1064 1115 1271 1205; x_wconf 62' lang='lat' dir='ltr'>{nominauit}</span> 
     </span>
     <span class='ocr_line' id='line_1_8' title="bbox 164 1225 1273 1311; baseline -0.002 -18"><span class='ocrx_word' id='word_1_54' title='bbox 164 1248 247 1311; x_wconf 90' lang='lat' dir='ltr'>quae</span> <span class='ocrx_word' id='word_1_55' title='bbox 270 1248 342 1293; x_wconf 89' lang='lat' dir='ltr'>eum</span> <span class='ocrx_word' id='word_1_56' title='bbox 365 1225 506 1290; x_wconf 80' lang='lat' dir='ltr'>exoritur</span> <span class='ocrx_word' id='word_1_57' title='bbox 527 1227 750 1309; x_wconf 86' lang='lat' dir='ltr'>spurcissimas</span> <span class='ocrx_word' id='word_1_58' title='bbox 772 1232 977 1310; x_wconf 88' lang='lat' dir='ltr'>tempestates</span> <span class='ocrx_word' id='word_1_59' title='bbox 999 1227 1081 1291; x_wconf 87' lang='lat' dir='ltr'>mari</span> <span class='ocrx_word' id='word_1_60' title='bbox 1103 1233 1273 1308; x_wconf 78' lang='lat' dir='ltr'>terraeque</span> 
     </span>
     <span class='ocr_line' id='line_1_9' title="bbox 164 1335 1273 1420; baseline -0.001 -18"><span class='ocrx_word' id='word_1_61' title='bbox 164 1338 269 1402; x_wconf 84' lang='lat' dir='ltr'>efficit.</span> <span class='ocrx_word' id='word_1_62' title='bbox 305 1355 440 1418; x_wconf 90' lang='lat' dir='ltr'>cumque</span> <span class='ocrx_word' id='word_1_63' title='bbox 463 1336 607 1401; x_wconf 82' lang='lat' dir='ltr'>Athenas</span> <span class='ocrx_word' id='word_1_64' title='bbox 636 1335 818 1419; x_wconf 86' lang='lat' dir='ltr'>pestilentia</span> <span class='ocrx_word' id='word_1_65' title='bbox 841 1336 1051 1420; x_wconf 80' lang='lat' dir='ltr'>opprimeret,</span> <span class='ocrx_word' id='word_1_66' title='bbox 1078 1357 1118 1402; x_wconf 85' lang='lat' dir='ltr'>ex</span> <span class='ocrx_word' id='word_1_67' title='bbox 1141 1337 1273 1401; x_wconf 90' lang='lat' dir='ltr'>oraculo</span> 
     </span>
     <span class='ocr_line' id='line_1_10' title="bbox 164 1446 1274 1530; baseline -0.001 -19"><span class='ocrx_word' id='word_1_68' title='bbox 164 1447 211 1511; x_wconf 86' lang='lat' dir='ltr'>eis</span> <span class='ocrx_word' id='word_1_69' title='bbox 241 1466 430 1530; x_wconf 90' lang='lat' dir='ltr'>responsum</span> <span class='ocrx_word' id='word_1_70' title='bbox 458 1449 746 1524; x_wconf 87' lang='lat' dir='ltr'>est‚&#39;cessaturam</span> <span class='ocrx_word' id='word_1_71' title='bbox 767 1446 1001 1530; x_wconf 88' lang='lat' dir='ltr'>pestilentiam,</span> <span class='ocrx_word' id='word_1_72' title='bbox 1033 1447 1060 1510; x_wconf 93' lang='lat' dir='ltr'>si</span> <span class='ocrx_word' id='word_1_73' title='bbox 1086 1466 1144 1530; x_wconf 92' lang='lat' dir='ltr'>per</span> <span class='ocrx_word' id='word_1_74' title='bbox 1171 1464 1274 1510; x_wconf 90' lang='lat' dir='ltr'>annos</span> 
     </span>
     <span class='ocr_line' id='line_1_11' title="bbox 164 1554 1313 1639; baseline -0.007 -19"><span class='ocrx_word' id='word_1_75' title='bbox 164 1557 309 1638; x_wconf 88' lang='lat' dir='ltr'>singulos</span> <span class='ocrx_word' id='word_1_76' title='bbox 332 1555 372 1620; x_wconf 89' lang='lat' dir='ltr'>do</span> <span class='ocrx_word' id='word_1_77' title='bbox 394 1554 538 1636; x_wconf 81' lang='lat' dir='ltr'>frugibus</span> <span class='ocrx_word' id='word_1_78' title='bbox 562 1560 593 1619; x_wconf 94' lang='lat' dir='ltr'>et</span> <span class='ocrx_word' id='word_1_79' title='bbox 614 1554 779 1618; x_wconf 89' lang='lat' dir='ltr'>uindemia</span> <span class='ocrx_word' id='word_1_80' title='bbox 793 1554 884 1618; x_wconf 91' lang='lat' dir='ltr'>Icaro</span> <span class='ocrx_word' id='word_1_81' title='bbox 909 1560 940 1619; x_wconf 91' lang='lat' dir='ltr'>et</span> <span class='ocrx_word' id='word_1_82' title='bbox 954 1556 1115 1639; x_wconf 82' lang='lat' dir='ltr'>Erigonae</span> <span class='ocrx_word' id='word_1_83' title='bbox 1139 1555 1274 1638; x_wconf 88' lang='lat' dir='ltr'>primurn</span> <span class='ocrx_word' id='word_1_84' title='bbox 1290 1574 1313 1613; x_wconf 81' lang='lat' dir='ltr'>ro</span> 
     </span>
     <span class='ocr_line' id='line_1_12' title="bbox 164 1663 1275 1745; baseline -0.002 -16"><span class='ocrx_word' id='word_1_85' title='bbox 164 1665 370 1731; x_wconf 79' lang='lat' dir='ltr'><strong>deliberetur.</strong></span> <span class='ocrx_word' id='word_1_86' title='bbox 406 1664 492 1745; x_wconf 88' lang='lat' dir='ltr'>quod</span> <span class='ocrx_word' id='word_1_87' title='bbox 514 1663 631 1727; x_wconf 84' lang='lat' dir='ltr'>iactum</span> <span class='ocrx_word' id='word_1_88' title='bbox 656 1669 703 1727; x_wconf 91' lang='grc' dir='ltr'>θεῖ</span> <span class='ocrx_word' id='word_1_89' title='bbox 725 1665 767 1729; x_wconf 88' lang='lat' dir='ltr'>ab</span> <span class='ocrx_word' id='word_1_90' title='bbox 791 1663 1048 1728; x_wconf 83' lang='lat' dir='ltr'>Atheniensibus.</span> <span class='ocrx_word' id='word_1_91' title='bbox 1083 1665 1152 1729; x_wconf 90' lang='lat' dir='ltr'>dies</span> <span class='ocrx_word' id='word_1_92' title='bbox 1176 1663 1275 1728; x_wconf 86' lang='lat' dir='ltr'>festos</span> 
     </span>
     <span class='ocr_line' id='line_1_13' title="bbox 164 1771 1275 1857; baseline -0.002 -19"><span class='ocrx_word' id='word_1_93' title='bbox 164 1775 326 1840; x_wconf 91' lang='lat' dir='ltr'>institutos</span> <span class='ocrx_word' id='word_1_94' title='bbox 342 1792 521 1854; x_wconf 86' lang='lat' dir='ltr'>aeorasque</span> <span class='ocrx_word' id='word_1_95' title='bbox 538 1772 776 1851; x_wconf 84' lang='lat' dir='ltr'>constituerunt,</span> <span class='ocrx_word' id='word_1_96' title='bbox 793 1771 867 1836; x_wconf 90' lang='lat' dir='ltr'>ideo</span> <span class='ocrx_word' id='word_1_97' title='bbox 884 1772 961 1853; x_wconf 90' lang='lat' dir='ltr'>quia</span> <span class='ocrx_word' id='word_1_98' title='bbox 975 1774 1065 1838; x_wconf 89' lang='lat' dir='ltr'>illam</span> <span class='ocrx_word' id='word_1_99' title='bbox 1080 1774 1275 1857; x_wconf 77' lang='lat' dir='ltr'>pendentem</span> 
     </span>
     <span class='ocr_line' id='line_1_14' title="bbox 166 1880 1276 1969; baseline -0.003 -20"><span class='ocrx_word' id='word_1_100' title='bbox 166 1889 409 1966; x_wconf 85' lang='lat' dir='ltr'>conspexerunt,</span> <span class='ocrx_word' id='word_1_101' title='bbox 435 1881 521 1963; x_wconf 89' lang='lat' dir='ltr'>quod</span> <span class='ocrx_word' id='word_1_102' title='bbox 544 1888 592 1946; x_wconf 92' lang='lat' dir='ltr'>est</span> <span class='ocrx_word' id='word_1_103' title='bbox 614 1881 701 1965; x_wconf 90' lang='lat' dir='ltr'>apud</span> <span class='ocrx_word' id='word_1_104' title='bbox 724 1880 866 1946; x_wconf 79' lang='lat' dir='ltr'>Graecos</span> <span class='ocrx_word' id='word_1_105' title='bbox 890 1883 1047 1969; x_wconf 75' lang='grc' dir='ltr'>φέρεθαι.</span> <span class='ocrx_word' id='word_1_106' title='bbox 1072 1903 1110 1948; x_wconf 82' lang='lat' dir='ltr'>ex</span> <span class='ocrx_word' id='word_1_107' title='bbox 1135 1903 1197 1965; x_wconf 91' lang='lat' dir='ltr'>quo</span> <span class='ocrx_word' id='word_1_108' title='bbox 1213 1882 1276 1946; x_wconf 84' lang='lat' dir='ltr'>fac-</span> 
     </span>
     <span class='ocr_line' id='line_1_15' title="bbox 164 1990 1275 2070; baseline -0.002 -15"><span class='ocrx_word' id='word_1_109' title='bbox 164 1997 231 2055; x_wconf 89' lang='lat' dir='ltr'>tum</span> <span class='ocrx_word' id='word_1_110' title='bbox 260 1997 320 2070; x_wconf 84' lang='grc' dir='ltr'>θεῖ,</span> <span class='ocrx_word' id='word_1_111' title='bbox 349 1990 473 2055; x_wconf 92' lang='lat' dir='ltr'>utsoli</span> <span class='ocrx_word' id='word_1_112' title='bbox 496 1991 608 2057; x_wconf 88' lang='lat' dir='ltr'>oscillo</span> <span class='ocrx_word' id='word_1_113' title='bbox 636 1992 831 2056; x_wconf 88' lang='lat' dir='ltr'>iactarentur</span> <span class='ocrx_word' id='word_1_114' title='bbox 859 1991 1015 2059; x_wconf 89' lang='lat' dir='ltr'>homines.</span> <span class='ocrx_word' id='word_1_115' title='bbox 1050 1993 1138 2058; x_wconf 90' lang='lat' dir='ltr'>canis</span> <span class='ocrx_word' id='word_1_116' title='bbox 1167 1996 1275 2056; x_wconf 90' lang='lat' dir='ltr'>autem</span> 
     </span>
     <span class='ocr_line' id='line_1_16' title="bbox 165 2099 1313 2186; baseline -0.005 -22"><span class='ocrx_word' id='word_1_117' title='bbox 165 2100 266 2183; x_wconf 78' lang='lat' dir='ltr'>Icari,</span> <span class='ocrx_word' id='word_1_118' title='bbox 296 2101 349 2181; x_wconf 90' lang='lat' dir='ltr'>qui</span> <span class='ocrx_word' id='word_1_119' title='bbox 371 2099 500 2165; x_wconf 89' lang='lat' dir='ltr'>ululans</span> <span class='ocrx_word' id='word_1_120' title='bbox 531 2106 606 2165; x_wconf 86' lang='lat' dir='ltr'>ante</span> <span class='ocrx_word' id='word_1_121' title='bbox 635 2100 749 2183; x_wconf 88' lang='lat' dir='ltr'>pedem</span> <span class='ocrx_word' id='word_1_122' title='bbox 778 2101 947 2183; x_wconf 89' lang='lat' dir='ltr'>pendentis</span> <span class='ocrx_word' id='word_1_123' title='bbox 975 2103 1110 2186; x_wconf 91' lang='lat' dir='ltr'>uirginis</span> <span class='ocrx_word' id='word_1_124' title='bbox 1133 2105 1275 2164; x_wconf 86' lang='lat' dir='ltr'>mortuus</span> <span class='ocrx_word' id='word_1_125' title='bbox 1290 2121 1313 2158; x_wconf 86' lang='lat'>15</span> 
     </span>
     <span class='ocr_line' id='line_1_17' title="bbox 167 2208 1275 2293; baseline -0.004 -19"><span class='ocrx_word' id='word_1_126' title='bbox 167 2215 225 2288; x_wconf 84' lang='lat' dir='ltr'>est,</span> <span class='ocrx_word' id='word_1_127' title='bbox 250 2214 368 2273; x_wconf 87' lang='lat' dir='ltr'>astrum</span> <span class='ocrx_word' id='word_1_128' title='bbox 385 2229 469 2293; x_wconf 88' lang='lat' dir='ltr'>oyen</span> <span class='ocrx_word' id='word_1_129' title='bbox 484 2211 674 2286; x_wconf 80' lang='lat' dir='ltr'>nominatur,</span> <span class='ocrx_word' id='word_1_130' title='bbox 698 2229 791 2292; x_wconf 85' lang='lat' dir='ltr'>quarn</span> <span class='ocrx_word' id='word_1_131' title='bbox 808 2231 867 2274; x_wconf 89' lang='lat' dir='ltr'>nos</span> <span class='ocrx_word' id='word_1_132' title='bbox 883 2212 972 2276; x_wconf 93' lang='lat' dir='ltr'>canis</span> <span class='ocrx_word' id='word_1_133' title='bbox 988 2212 1112 2276; x_wconf 86' lang='lat' dir='ltr'>stellam</span> <span class='ocrx_word' id='word_1_134' title='bbox 1129 2208 1275 2274; x_wconf 81' lang='lat' dir='ltr'>dicimus.</span> 
     </span>
     <span class='ocr_line' id='line_1_18' title="bbox 167 2317 1278 2405; baseline -0.002 -22"><span class='ocrx_word' id='word_1_135' title='bbox 167 2319 224 2403; x_wconf 84' lang='lat' dir='ltr'>qui</span> <span class='ocrx_word' id='word_1_136' title='bbox 245 2319 286 2383; x_wconf 87' lang='lat' dir='ltr'>ob</span> <span class='ocrx_word' id='word_1_137' title='bbox 309 2317 447 2383; x_wconf 87' lang='lat' dir='ltr'>eandem</span> <span class='ocrx_word' id='word_1_138' title='bbox 470 2338 609 2397; x_wconf 85' lang='lat' dir='ltr'>causam,</span> <span class='ocrx_word' id='word_1_139' title='bbox 634 2318 764 2400; x_wconf 88' lang='lat' dir='ltr'>quando</span> <span class='ocrx_word' id='word_1_140' title='bbox 781 2319 933 2405; x_wconf 84' lang='lat' dir='ltr'>oxoritur,</span> <span class='ocrx_word' id='word_1_141' title='bbox 957 2341 1111 2386; x_wconf 87' lang='lat' dir='ltr'>summam</span> <span class='ocrx_word' id='word_1_142' title='bbox 1127 2318 1278 2403; x_wconf 90' lang='lat' dir='ltr'>pestilen-</span> 
     </span>
     <span class='ocr_line' id='line_1_19' title="bbox 165 2426 1278 2514; baseline 0.001 -24"><span class='ocrx_word' id='word_1_143' title='bbox 165 2428 244 2492; x_wconf 84' lang='lat' dir='ltr'>tiam</span> <span class='ocrx_word' id='word_1_144' title='bbox 267 2427 455 2492; x_wconf 82' lang='lat' dir='ltr'>mortalibus</span> <span class='ocrx_word' id='word_1_145' title='bbox 476 2426 563 2492; x_wconf 83' lang='lat' dir='ltr'>iacit.</span> <span class='ocrx_word' id='word_1_146' title='bbox 587 2427 685 2492; x_wconf 88' lang='lat' dir='ltr'>habet</span> <span class='ocrx_word' id='word_1_147' title='bbox 707 2433 814 2494; x_wconf 91' lang='lat' dir='ltr'>autem</span> <span class='ocrx_word' id='word_1_148' title='bbox 830 2429 1000 2495; x_wconf 90' lang='lat' dir='ltr'>stellasin</span> <span class='ocrx_word' id='word_1_149' title='bbox 1022 2428 1126 2514; x_wconf 87' lang='lat' dir='ltr'>eapite</span> <span class='ocrx_word' id='word_1_150' title='bbox 1147 2452 1168 2507; x_wconf 87' lang='lat' dir='ltr'>r,</span> <span class='ocrx_word' id='word_1_151' title='bbox 1193 2445 1278 2509; x_wconf 89' lang='lat' dir='ltr'>quae</span> 
     </span>
     <span class='ocr_line' id='line_1_20' title="bbox 166 2536 1278 2623; baseline -0.001 -24"><span class='ocrx_word' id='word_1_152' title='bbox 166 2537 228 2602; x_wconf 90' lang='lat' dir='ltr'>Isis</span> <span class='ocrx_word' id='word_1_153' title='bbox 244 2536 369 2616; x_wconf 86' lang='lat' dir='ltr'>dicitur,</span> <span class='ocrx_word' id='word_1_154' title='bbox 386 2538 518 2615; x_wconf 87' lang='lat' dir='ltr'>claram,</span> <span class='ocrx_word' id='word_1_155' title='bbox 541 2537 574 2600; x_wconf 87' lang='lat' dir='ltr'>in</span> <span class='ocrx_word' id='word_1_156' title='bbox 590 2539 702 2623; x_wconf 87' lang='lat' dir='ltr'>lingua</span> <span class='ocrx_word' id='word_1_157' title='bbox 718 2559 824 2623; x_wconf 87' lang='lat' dir='ltr'>unam,</span> <span class='ocrx_word' id='word_1_158' title='bbox 850 2561 947 2622; x_wconf 89' lang='lat' dir='ltr'>quam</span> <span class='ocrx_word' id='word_1_159' title='bbox 963 2540 1080 2606; x_wconf 85' lang='lat' dir='ltr'>Sirium</span> <span class='ocrx_word' id='word_1_160' title='bbox 1096 2539 1148 2603; x_wconf 89' lang='lat' dir='ltr'>uel</span> <span class='ocrx_word' id='word_1_161' title='bbox 1164 2555 1278 2602; x_wconf 88' lang='lat' dir='ltr'>canem</span> 
     </span>
     <span class='ocr_line' id='line_1_21' title="bbox 167 2647 1318 2733; baseline -0.002 -22"><span class='ocrx_word' id='word_1_162' title='bbox 167 2657 295 2725; x_wconf 89' lang='lat' dir='ltr'>uocant,</span> <span class='ocrx_word' id='word_1_163' title='bbox 320 2666 438 2727; x_wconf 86' lang='lat' dir='ltr'>magna</span> <span class='ocrx_word' id='word_1_164' title='bbox 461 2647 591 2728; x_wconf 88' lang='lat' dir='ltr'>quidem</span> <span class='ocrx_word' id='word_1_165' title='bbox 614 2653 662 2712; x_wconf 91' lang='lat' dir='ltr'>est</span> <span class='ocrx_word' id='word_1_166' title='bbox 686 2656 718 2713; x_wconf 90' lang='lat' dir='ltr'>et</span> <span class='ocrx_word' id='word_1_167' title='bbox 739 2649 918 2732; x_wconf 88' lang='lat' dir='ltr'>splendida,</span> <span class='ocrx_word' id='word_1_168' title='bbox 942 2651 976 2714; x_wconf 91' lang='lat' dir='ltr'>in</span> <span class='ocrx_word' id='word_1_169' title='bbox 999 2651 1081 2715; x_wconf 89' lang='lat' dir='ltr'>collo</span> <span class='ocrx_word' id='word_1_170' title='bbox 1105 2673 1138 2733; x_wconf 84' lang='lat'>11,</span> <span class='ocrx_word' id='word_1_171' title='bbox 1159 2649 1192 2711; x_wconf 94' lang='lat' dir='ltr'>in</span> <span class='ocrx_word' id='word_1_172' title='bbox 1215 2647 1318 2711; x_wconf 79' lang='lat' dir='ltr'>sin-20</span> 
     </span>
     <span class='ocr_line' id='line_1_22' title="bbox 167 2755 1279 2842; baseline -0.004 -19"><span class='ocrx_word' id='word_1_173' title='bbox 167 2757 252 2842; x_wconf 92' lang='lat' dir='ltr'>gulis</span> <span class='ocrx_word' id='word_1_174' title='bbox 274 2756 414 2820; x_wconf 90' lang='lat' dir='ltr'>humeris</span> <span class='ocrx_word' id='word_1_175' title='bbox 437 2756 581 2840; x_wconf 85' lang='lat' dir='ltr'>singulas</span> <span class='ocrx_word' id='word_1_176' title='bbox 605 2759 773 2835; x_wconf 83' lang='lat' dir='ltr'>obscuras,</span> <span class='ocrx_word' id='word_1_177' title='bbox 795 2760 828 2822; x_wconf 93' lang='lat' dir='ltr'>in</span> <span class='ocrx_word' id='word_1_178' title='bbox 851 2764 981 2842; x_wconf 82' lang='lat' dir='ltr'>pectore</span> <span class='ocrx_word' id='word_1_179' title='bbox 1004 2783 1041 2839; x_wconf 86' lang='lat'>11,</span> <span class='ocrx_word' id='word_1_180' title='bbox 1068 2759 1102 2821; x_wconf 92' lang='lat' dir='ltr'>in</span> <span class='ocrx_word' id='word_1_181' title='bbox 1124 2755 1279 2821; x_wconf 87' lang='lat' dir='ltr'>anteriori</span> 
     </span>
     <span class='ocr_line' id='line_1_23' title="bbox 170 2866 1279 2952; baseline -0.005 -20"><span class='ocrx_word' id='word_1_182' title='bbox 170 2868 253 2950; x_wconf 85' lang='lat' dir='ltr'>pede</span> <span class='ocrx_word' id='word_1_183' title='bbox 277 2866 407 2930; x_wconf 90' lang='lat' dir='ltr'>sinistro</span> <span class='ocrx_word' id='word_1_184' title='bbox 424 2889 470 2944; x_wconf 90' lang='lat'>111,</span> <span class='ocrx_word' id='word_1_185' title='bbox 492 2867 526 2930; x_wconf 93' lang='lat' dir='ltr'>in</span> <span class='ocrx_word' id='word_1_186' title='bbox 550 2869 688 2932; x_wconf 86' lang='lat' dir='ltr'>dextror</span> <span class='ocrx_word' id='word_1_187' title='bbox 712 2868 844 2948; x_wconf 86' lang='lat' dir='ltr'>claram,</span> <span class='ocrx_word' id='word_1_188' title='bbox 868 2870 901 2933; x_wconf 92' lang='lat' dir='ltr'>in</span> <span class='ocrx_word' id='word_1_189' title='bbox 924 2875 1064 2934; x_wconf 83' lang='lat' dir='ltr'>extremo</span> <span class='ocrx_word' id='word_1_190' title='bbox 1088 2887 1186 2952; x_wconf 93' lang='lat' dir='ltr'>supra</span> <span class='ocrx_word' id='word_1_191' title='bbox 1209 2867 1279 2929; x_wconf 89' lang='lat' dir='ltr'>dor-</span> 
     </span>
     <span class='ocr_line' id='line_1_24' title="bbox 168 2976 1279 3062; baseline -0.004 -20"><span class='ocrx_word' id='word_1_192' title='bbox 168 2996 236 3042; x_wconf 91' lang='lat' dir='ltr'>sum</span> <span class='ocrx_word' id='word_1_193' title='bbox 259 2999 306 3054; x_wconf 87' lang='lat'>111,</span> <span class='ocrx_word' id='word_1_194' title='bbox 329 2977 363 3039; x_wconf 96' lang='lat' dir='ltr'>in</span> <span class='ocrx_word' id='word_1_195' title='bbox 385 2980 495 3040; x_wconf 88' lang='lat' dir='ltr'>uentre</span> <span class='ocrx_word' id='word_1_196' title='bbox 511 3000 545 3054; x_wconf 84' lang='lat'>11,</span> <span class='ocrx_word' id='word_1_197' title='bbox 568 2977 601 3040; x_wconf 93' lang='lat' dir='ltr'>in</span> <span class='ocrx_word' id='word_1_198' title='bbox 625 2978 752 3045; x_wconf 90' lang='lat' dir='ltr'>sinistro</span> <span class='ocrx_word' id='word_1_199' title='bbox 775 2978 897 3044; x_wconf 85' lang='lat' dir='ltr'>femore</span> <span class='ocrx_word' id='word_1_200' title='bbox 912 3002 933 3062; x_wconf 80' lang='lat'>1,</span> <span class='ocrx_word' id='word_1_201' title='bbox 957 2979 990 3042; x_wconf 92' lang='lat' dir='ltr'>in</span> <span class='ocrx_word' id='word_1_202' title='bbox 1010 2976 1180 3062; x_wconf 83' lang='lat' dir='ltr'>posteriori</span> <span class='ocrx_word' id='word_1_203' title='bbox 1196 2976 1279 3059; x_wconf 91' lang='lat' dir='ltr'>pede</span> 
     </span>
     <span class='ocr_line' id='line_1_25' title="bbox 168 3076 1354 3191; baseline -0.003 -40"><span class='ocrx_word' id='word_1_204' title='bbox 168 3076 296 3151; x_wconf 87' lang='lat' dir='ltr'>sinistro</span> <span class='ocrx_word' id='word_1_205' title='bbox 319 3108 346 3163; x_wconf 85' lang='lat'>1,</span> <span class='ocrx_word' id='word_1_206' title='bbox 374 3085 408 3149; x_wconf 90' lang='lat' dir='ltr'>in</span> <span class='ocrx_word' id='word_1_207' title='bbox 431 3086 611 3151; x_wconf 89' lang='lat' dir='ltr'>summitate</span> <span class='ocrx_word' id='word_1_208' title='bbox 641 3087 764 3155; x_wconf 87' lang='lat' dir='ltr'>caudae</span> <span class='ocrx_word' id='word_1_209' title='bbox 787 3113 807 3152; x_wconf 87' lang='lat'>1.</span> <span class='ocrx_word' id='word_1_210' title='bbox 823 3089 920 3153; x_wconf 79' lang='lat' dir='ltr'>·tiunt</span> <span class='ocrx_word' id='word_1_211' title='bbox 946 3089 1075 3154; x_wconf 91' lang='lat' dir='ltr'>insimul</span> <span class='ocrx_word' id='word_1_212' title='bbox 1097 3111 1151 3150; x_wconf 84' lang='lat' dir='ltr'>xx.</span> <span class='ocrx_word' id='word_1_213' title='bbox 1185 3086 1280 3151; x_wconf 91' lang='lat' dir='ltr'>situm</span> <span class='ocrx_word' id='word_1_214' title='bbox 1349 3177 1354 3191; x_wconf 30' lang='grc' dir='ltr'><strong>ι</strong></span> 
     </span>
    </p>
   </div>
   <div class='ocr_carea' id='block_1_3' title="bbox 168 3255 1318 4118">
    <p class='ocr_par' dir='ltr' id='par_1_3' title="bbox 168 3255 1318 4118">
     <span class='ocr_line' id='line_1_26' title="bbox 202 3255 1318 3331; baseline 0.002 -19"><span class='ocrx_word' id='word_1_215' title='bbox 202 3260 218 3312; x_wconf 93' lang='lat' dir='ltr'>l</span> <span class='ocrx_word' id='word_1_216' title='bbox 237 3257 385 3311; x_wconf 85' lang='lat' dir='ltr'>mostrauit</span> <span class='ocrx_word' id='word_1_217' title='bbox 403 3261 423 3308; x_wconf 84' lang='lat' dir='ltr'><strong><em>S</em></strong></span> <span class='ocrx_word' id='word_1_218' title='bbox 449 3255 462 3326; x_wconf 97' lang='grc' dir='ltr'>Η</span> <span class='ocrx_word' id='word_1_219' title='bbox 487 3260 504 3312; x_wconf 92' lang='grc'>2</span> <span class='ocrx_word' id='word_1_220' title='bbox 523 3258 677 3329; x_wconf 88' lang='lat' dir='ltr'>seppeliuit</span> <span class='ocrx_word' id='word_1_221' title='bbox 694 3263 715 3311; x_wconf 86' lang='lat' dir='ltr'><strong><em>S</em></strong></span> <span class='ocrx_word' id='word_1_222' title='bbox 739 3260 752 3330; x_wconf 98' lang='grc' dir='ltr'>Η</span> <span class='ocrx_word' id='word_1_223' title='bbox 777 3263 889 3331; x_wconf 86' lang='lat' dir='ltr'>hymeto</span> <span class='ocrx_word' id='word_1_224' title='bbox 914 3267 935 3312; x_wconf 96' lang='lat' dir='ltr'><em>V</em></span> <span class='ocrx_word' id='word_1_225' title='bbox 954 3258 967 3331; x_wconf 96' lang='grc' dir='ltr'>Η</span> <span class='ocrx_word' id='word_1_226' title='bbox 987 3263 1004 3315; x_wconf 88' lang='grc'><strong>3</strong></span> <span class='ocrx_word' id='word_1_227' title='bbox 1022 3260 1123 3329; x_wconf 84' lang='lat' dir='ltr'>laqueo</span> <span class='ocrx_word' id='word_1_228' title='bbox 1144 3257 1198 3311; x_wconf 88' lang='lat' dir='ltr'>sibi</span> <span class='ocrx_word' id='word_1_229' title='bbox 1223 3262 1244 3309; x_wconf 95' lang='lat' dir='ltr'><em>V</em></span> <span class='ocrx_word' id='word_1_230' title='bbox 1263 3256 1277 3329; x_wconf 96' lang='grc' dir='ltr'>Η</span> <span class='ocrx_word' id='word_1_231' title='bbox 1299 3271 1318 3314; x_wconf 84' lang='lat' dir='ltr'>s</span> 
     </span>
     <span class='ocr_line' id='line_1_27' title="bbox 168 3344 1278 3418; baseline -0.002 -20"><span class='ocrx_word' id='word_1_232' title='bbox 168 3345 321 3411; x_wconf 72' lang='lat' dir='ltr'>assciuits</span> <span class='ocrx_word' id='word_1_233' title='bbox 342 3346 354 3416; x_wconf 94' lang='grc' dir='ltr'>Η</span> <span class='ocrx_word' id='word_1_234' title='bbox 375 3347 393 3400; x_wconf 88' lang='grc'>4</span> <span class='ocrx_word' id='word_1_235' title='bbox 410 3346 446 3398; x_wconf 85' lang='lat' dir='ltr'>ab</span> <span class='ocrx_word' id='word_1_236' title='bbox 467 3351 488 3397; x_wconf 94' lang='lat' dir='ltr'><em>V</em></span> <span class='ocrx_word' id='word_1_237' title='bbox 508 3346 521 3417; x_wconf 99' lang='grc' dir='ltr'>Η</span> <span class='ocrx_word' id='word_1_238' title='bbox 541 3347 660 3416; x_wconf 87' lang='lat' dir='ltr'>petiisse</span> <span class='ocrx_word' id='word_1_239' title='bbox 685 3353 706 3400; x_wconf 95' lang='lat' dir='ltr'><em>V</em></span> <span class='ocrx_word' id='word_1_240' title='bbox 725 3348 737 3418; x_wconf 95' lang='grc' dir='ltr'>Η</span> <span class='ocrx_word' id='word_1_241' title='bbox 758 3350 880 3417; x_wconf 85' lang='lat' dir='ltr'>Erigone</span> <span class='ocrx_word' id='word_1_242' title='bbox 905 3352 927 3398; x_wconf 91' lang='lat' dir='ltr'><em>V</em></span> <span class='ocrx_word' id='word_1_243' title='bbox 945 3346 957 3416; x_wconf 97' lang='grc' dir='ltr'>Η</span> <span class='ocrx_word' id='word_1_244' title='bbox 980 3346 1107 3400; x_wconf 85' lang='lat' dir='ltr'>Icharum</span> <span class='ocrx_word' id='word_1_245' title='bbox 1131 3352 1153 3398; x_wconf 91' lang='lat' dir='ltr'><em>V</em></span> <span class='ocrx_word' id='word_1_246' title='bbox 1171 3344 1185 3415; x_wconf 97' lang='grc' dir='ltr'>Η</span> <span class='ocrx_word' id='word_1_247' title='bbox 1205 3346 1278 3397; x_wconf 89' lang='lat' dir='ltr'>intu-</span> 
     </span>
     <span class='ocr_line' id='line_1_28' title="bbox 169 3432 1283 3504; baseline -0.002 -18"><span class='ocrx_word' id='word_1_248' title='bbox 169 3432 252 3487; x_wconf 86' lang='lat' dir='ltr'>lisset</span> <span class='ocrx_word' id='word_1_249' title='bbox 270 3438 291 3485; x_wconf 86' lang='lat' dir='ltr'><strong><em>S</em></strong></span> <span class='ocrx_word' id='word_1_250' title='bbox 311 3432 325 3503; x_wconf 92' lang='grc' dir='ltr'>Η</span> <span class='ocrx_word' id='word_1_251' title='bbox 345 3435 362 3488; x_wconf 85' lang='grc'>5</span> <span class='ocrx_word' id='word_1_252' title='bbox 380 3435 503 3502; x_wconf 79' lang='lat' dir='ltr'>Erigone</span> <span class='ocrx_word' id='word_1_253' title='bbox 521 3439 542 3486; x_wconf 81' lang='lat' dir='ltr'><strong><em>S</em></strong></span> <span class='ocrx_word' id='word_1_254' title='bbox 563 3433 575 3504; x_wconf 96' lang='grc' dir='ltr'>Η</span> <span class='ocrx_word' id='word_1_255' title='bbox 597 3435 720 3502; x_wconf 86' lang='lat' dir='ltr'>Erigone</span> <span class='ocrx_word' id='word_1_256' title='bbox 744 3440 766 3487; x_wconf 99' lang='lat' dir='ltr'><em>V</em></span> <span class='ocrx_word' id='word_1_257' title='bbox 786 3433 799 3504; x_wconf 97' lang='grc' dir='ltr'>Η</span> <span class='ocrx_word' id='word_1_258' title='bbox 820 3438 836 3490; x_wconf 87' lang='lat'><strong>6</strong></span> <span class='ocrx_word' id='word_1_259' title='bbox 855 3436 963 3488; x_wconf 85' lang='lat' dir='ltr'>Icarum</span> <span class='ocrx_word' id='word_1_260' title='bbox 976 3434 1174 3487; x_wconf 90' lang='lat' dir='ltr'>-nominauit</span> <span class='ocrx_word' id='word_1_261' title='bbox 1193 3451 1242 3483; x_wconf 83' lang='lat' dir='ltr'>om.</span> <span class='ocrx_word' id='word_1_262' title='bbox 1261 3436 1283 3484; x_wconf 96' lang='lat' dir='ltr'><em>V</em></span> 
     </span>
     <span class='ocr_line' id='line_1_29' title="bbox 168 3520 1281 3593; baseline -0.001 -19"><span class='ocrx_word' id='word_1_263' title='bbox 168 3520 183 3592; x_wconf 96' lang='grc' dir='ltr'>Η</span> <span class='ocrx_word' id='word_1_264' title='bbox 203 3521 358 3575; x_wconf 89' lang='lat' dir='ltr'>nominauit</span> <span class='ocrx_word' id='word_1_265' title='bbox 370 3524 448 3573; x_wconf 68' lang='lat' dir='ltr'>orat</span> <span class='ocrx_word' id='word_1_266' title='bbox 470 3520 483 3592; x_wconf 97' lang='grc' dir='ltr'>Η</span> <span class='ocrx_word' id='word_1_267' title='bbox 504 3524 621 3593; x_wconf 73' lang='lat' dir='ltr'>iques</span> <span class='ocrx_word' id='word_1_268' title='bbox 642 3521 656 3593; x_wconf 96' lang='grc' dir='ltr'>Η</span> <span class='ocrx_word' id='word_1_269' title='bbox 677 3522 731 3589; x_wconf 77' lang='lat' dir='ltr'>Qui</span> <span class='ocrx_word' id='word_1_270' title='bbox 750 3528 771 3575; x_wconf 95' lang='lat' dir='ltr'><em>V</em></span> <span class='ocrx_word' id='word_1_271' title='bbox 790 3520 803 3592; x_wconf 94' lang='grc' dir='ltr'>Η</span> <span class='ocrx_word' id='word_1_272' title='bbox 825 3523 1022 3591; x_wconf 85' lang='lat' dir='ltr'>spurcissimas</span> <span class='ocrx_word' id='word_1_273' title='bbox 1037 3541 1085 3573; x_wconf 82' lang='lat' dir='ltr'>om.</span> <span class='ocrx_word' id='word_1_274' title='bbox 1105 3520 1152 3589; x_wconf 75' lang='grc' dir='ltr'>νΗ</span> <span class='ocrx_word' id='word_1_275' title='bbox 1173 3523 1281 3589; x_wconf 90' lang='lat' dir='ltr'>terraq;</span> 
     </span>
     <span class='ocr_line' id='line_1_30' title="bbox 173 3605 1280 3680; baseline -0.004 -19"><span class='ocrx_word' id='word_1_276' title='bbox 173 3608 226 3677; x_wconf 65' lang='grc' dir='ltr'>ΡΗ</span> <span class='ocrx_word' id='word_1_277' title='bbox 253 3609 349 3663; x_wconf 83' lang='lat' dir='ltr'>9eius</span> <span class='ocrx_word' id='word_1_278' title='bbox 368 3612 389 3659; x_wconf 85' lang='lat' dir='ltr'><strong><em>S</em></strong></span> <span class='ocrx_word' id='word_1_279' title='bbox 409 3627 457 3663; x_wconf 87' lang='lat' dir='ltr'>om.</span> <span class='ocrx_word' id='word_1_280' title='bbox 482 3614 504 3661; x_wconf 99' lang='lat' dir='ltr'><em>V</em></span> <span class='ocrx_word' id='word_1_281' title='bbox 528 3608 541 3679; x_wconf 94' lang='grc' dir='ltr'>Η</span> <span class='ocrx_word' id='word_1_282' title='bbox 568 3610 609 3663; x_wconf 89' lang='lat' dir='ltr'>eis</span> <span class='ocrx_word' id='word_1_283' title='bbox 628 3615 725 3677; x_wconf 77' lang='lat' dir='ltr'>scripsi</span> <span class='ocrx_word' id='word_1_284' title='bbox 752 3609 764 3680; x_wconf 95' lang='grc' dir='ltr'>Η</span> <span class='ocrx_word' id='word_1_285' title='bbox 792 3612 826 3666; x_wconf 89' lang='grc'>10</span> <span class='ocrx_word' id='word_1_286' title='bbox 844 3610 944 3664; x_wconf 85' lang='lat' dir='ltr'>Icharo</span> <span class='ocrx_word' id='word_1_287' title='bbox 969 3615 990 3660; x_wconf 95' lang='lat' dir='ltr'><em>V</em></span> <span class='ocrx_word' id='word_1_288' title='bbox 1015 3605 1029 3677; x_wconf 97' lang='grc' dir='ltr'>Η</span> <span class='ocrx_word' id='word_1_289' title='bbox 1056 3606 1179 3674; x_wconf 88' lang='lat' dir='ltr'>Erigone</span> <span class='ocrx_word' id='word_1_290' title='bbox 1198 3611 1247 3659; x_wconf 84' lang='lat' dir='ltr'><em>SV</em></span> <span class='ocrx_word' id='word_1_291' title='bbox 1266 3607 1280 3676; x_wconf 96' lang='grc' dir='ltr'>Η</span> 
     </span>
     <span class='ocr_line' id='line_1_31' title="bbox 168 3691 1281 3767; baseline -0.005 -17"><span class='ocrx_word' id='word_1_292' title='bbox 168 3698 201 3751; x_wconf 90' lang='grc'>11</span> <span class='ocrx_word' id='word_1_293' title='bbox 222 3713 276 3766; x_wconf 91' lang='lat' dir='ltr'>quo</span> <span class='ocrx_word' id='word_1_294' title='bbox 295 3701 316 3748; x_wconf 84' lang='lat' dir='ltr'><strong><em>S</em></strong></span> <span class='ocrx_word' id='word_1_295' title='bbox 336 3696 350 3767; x_wconf 96' lang='grc' dir='ltr'>Η</span> <span class='ocrx_word' id='word_1_296' title='bbox 371 3695 418 3765; x_wconf 88' lang='lat' dir='ltr'>qui</span> <span class='ocrx_word' id='word_1_297' title='bbox 439 3695 538 3750; x_wconf 84' lang='lat' dir='ltr'>diebus</span> <span class='ocrx_word' id='word_1_298' title='bbox 558 3698 640 3750; x_wconf 83' lang='lat' dir='ltr'>festis</span> <span class='ocrx_word' id='word_1_299' title='bbox 660 3697 823 3751; x_wconf 88' lang='lat' dir='ltr'>constitutis</span> <span class='ocrx_word' id='word_1_300' title='bbox 841 3702 863 3749; x_wconf 95' lang='lat' dir='ltr'><em>V</em></span> <span class='ocrx_word' id='word_1_301' title='bbox 882 3695 895 3765; x_wconf 97' lang='grc' dir='ltr'>Η</span> <span class='ocrx_word' id='word_1_302' title='bbox 916 3698 950 3751; x_wconf 88' lang='grc'>12</span> <span class='ocrx_word' id='word_1_303' title='bbox 969 3698 1090 3762; x_wconf 74' lang='lat' dir='ltr'>arasq38</span> <span class='ocrx_word' id='word_1_304' title='bbox 1111 3691 1124 3762; x_wconf 96' lang='grc' dir='ltr'>Η</span> <span class='ocrx_word' id='word_1_305' title='bbox 1146 3707 1208 3745; x_wconf 88' lang='lat' dir='ltr'>aras</span> <span class='ocrx_word' id='word_1_306' title='bbox 1228 3698 1247 3744; x_wconf 88' lang='lat' dir='ltr'><em>V</em></span> <span class='ocrx_word' id='word_1_307' title='bbox 1267 3692 1281 3763; x_wconf 98' lang='grc' dir='ltr'>Η</span> 
     </span>
     <span class='ocr_line' id='line_1_32' title="bbox 169 3781 1281 3854; baseline -0.006 -15"><span class='ocrx_word' id='word_1_308' title='bbox 169 3786 203 3839; x_wconf 88' lang='grc'>13</span> <span class='ocrx_word' id='word_1_309' title='bbox 222 3788 394 3854; x_wconf 75' lang='lat' dir='ltr'>aspexerunt</span> <span class='ocrx_word' id='word_1_310' title='bbox 417 3789 438 3836; x_wconf 99' lang='lat' dir='ltr'><em>V</em></span> <span class='ocrx_word' id='word_1_311' title='bbox 466 3782 480 3854; x_wconf 96' lang='grc' dir='ltr'>Η</span> <span class='ocrx_word' id='word_1_312' title='bbox 510 3799 611 3853; x_wconf 81' lang='lat' dir='ltr'>grecos</span> <span class='ocrx_word' id='word_1_313' title='bbox 630 3789 678 3837; x_wconf 82' lang='lat' dir='ltr'><em>SV</em></span> <span class='ocrx_word' id='word_1_314' title='bbox 707 3785 719 3852; x_wconf 94' lang='grc' dir='ltr'>Η</span> <span class='ocrx_word' id='word_1_315' title='bbox 750 3791 925 3843; x_wconf 73' lang='grc' dir='ltr'>ΦΕΡΕΕΘΑΙ</span> <span class='ocrx_word' id='word_1_316' title='bbox 948 3788 969 3835; x_wconf 86' lang='lat' dir='ltr'><strong><em>S</em></strong></span> <span class='ocrx_word' id='word_1_317' title='bbox 994 3787 1081 3834; x_wconf 70' lang='lat' dir='ltr'>tuerere.</span> <span class='ocrx_word' id='word_1_318' title='bbox 1101 3782 1193 3848; x_wconf 72' lang='lat' dir='ltr'>procu.</span> <span class='ocrx_word' id='word_1_319' title='bbox 1218 3786 1240 3832; x_wconf 95' lang='lat' dir='ltr'><em>V</em></span> <span class='ocrx_word' id='word_1_320' title='bbox 1269 3781 1281 3849; x_wconf 93' lang='grc' dir='ltr'>Η</span> 
     </span>
     <span class='ocr_line' id='line_1_33' title="bbox 169 3860 1283 3944; baseline -0.007 -16"><span class='ocrx_word' id='word_1_321' title='bbox 169 3874 204 3928; x_wconf 86' lang='grc'>14</span> <span class='ocrx_word' id='word_1_322' title='bbox 222 3871 441 3944; x_wconf 61' lang='lat' dir='ltr'>eoliopscillos</span> <span class='ocrx_word' id='word_1_323' title='bbox 462 3870 475 3939; x_wconf 93' lang='grc' dir='ltr'>Η</span> <span class='ocrx_word' id='word_1_324' title='bbox 495 3872 549 3924; x_wconf 90' lang='lat' dir='ltr'>soli</span> <span class='ocrx_word' id='word_1_325' title='bbox 569 3871 676 3941; x_wconf 85' lang='lat' dir='ltr'>oseyllo</span> <span class='ocrx_word' id='word_1_326' title='bbox 696 3877 717 3922; x_wconf 96' lang='lat' dir='ltr'><em>V</em></span> <span class='ocrx_word' id='word_1_327' title='bbox 737 3870 749 3943; x_wconf 98' lang='grc' dir='ltr'>Η</span> <span class='ocrx_word' id='word_1_328' title='bbox 771 3873 803 3927; x_wconf 88' lang='grc'>15</span> <span class='ocrx_word' id='word_1_329' title='bbox 822 3871 914 3925; x_wconf 83' lang='lat' dir='ltr'>lehari</span> <span class='ocrx_word' id='word_1_330' title='bbox 932 3873 956 3922; x_wconf 87' lang='lat' dir='ltr'><em>V</em></span> <span class='ocrx_word' id='word_1_331' title='bbox 974 3869 986 3939; x_wconf 94' lang='grc' dir='ltr'>Η</span> <span class='ocrx_word' id='word_1_332' title='bbox 1008 3871 1042 3924; x_wconf 91' lang='grc'>16</span> <span class='ocrx_word' id='word_1_333' title='bbox 1056 3860 1123 3923; x_wconf 73' lang='lat' dir='ltr'>c&#39;rou</span> <span class='ocrx_word' id='word_1_334' title='bbox 1142 3874 1162 3921; x_wconf 81' lang='lat' dir='ltr'><strong><em>S</em></strong></span> <span class='ocrx_word' id='word_1_335' title='bbox 1184 3866 1196 3939; x_wconf 96' lang='grc' dir='ltr'>Η</span> <span class='ocrx_word' id='word_1_336' title='bbox 1216 3868 1283 3920; x_wconf 86' lang='lat' dir='ltr'>kion</span> 
     </span>
     <span class='ocr_line' id='line_1_34' title="bbox 174 3956 1281 4031; baseline -0.004 -20"><span class='ocrx_word' id='word_1_337' title='bbox 174 3965 196 4011; x_wconf 91' lang='lat' dir='ltr'><em>V</em></span> <span class='ocrx_word' id='word_1_338' title='bbox 214 3957 228 4030; x_wconf 95' lang='grc' dir='ltr'>Η</span> <span class='ocrx_word' id='word_1_339' title='bbox 250 3965 306 4029; x_wconf 77' lang='lat' dir='ltr'>qs</span> <span class='ocrx_word' id='word_1_340' title='bbox 328 3961 340 4028; x_wconf 94' lang='grc' dir='ltr'>Η</span> <span class='ocrx_word' id='word_1_341' title='bbox 364 3959 438 4029; x_wconf 89' lang='lat' dir='ltr'>quod</span> <span class='ocrx_word' id='word_1_342' title='bbox 463 3966 484 4013; x_wconf 95' lang='lat' dir='ltr'><em>V</em></span> <span class='ocrx_word' id='word_1_343' title='bbox 502 3960 515 4031; x_wconf 98' lang='grc' dir='ltr'>Η</span> <span class='ocrx_word' id='word_1_344' title='bbox 537 3963 570 4016; x_wconf 82' lang='lat'>17</span> <span class='ocrx_word' id='word_1_345' title='bbox 589 3960 780 4031; x_wconf 88' lang='lat' dir='ltr'>pestilentiam</span> <span class='ocrx_word' id='word_1_346' title='bbox 798 3960 957 4012; x_wconf 91' lang='lat' dir='ltr'>hominibus</span> <span class='ocrx_word' id='word_1_347' title='bbox 976 3958 1046 4011; x_wconf 80' lang='lat' dir='ltr'>feeit</span> <span class='ocrx_word' id='word_1_348' title='bbox 1071 3964 1092 4011; x_wconf 94' lang='lat' dir='ltr'><em>V</em></span> <span class='ocrx_word' id='word_1_349' title='bbox 1111 3957 1124 4027; x_wconf 94' lang='grc' dir='ltr'>Η</span> <span class='ocrx_word' id='word_1_350' title='bbox 1151 3957 1185 4011; x_wconf 86' lang='grc'>19</span> <span class='ocrx_word' id='word_1_351' title='bbox 1202 3956 1281 4025; x_wconf 80' lang='lat' dir='ltr'>ypsis</span> 
     </span>
     <span class='ocr_line' id='line_1_35' title="bbox 175 4042 1281 4118; baseline -0.006 -18"><span class='ocrx_word' id='word_1_352' title='bbox 175 4054 195 4100; x_wconf 92' lang='lat' dir='ltr'><em>V</em></span> <span class='ocrx_word' id='word_1_353' title='bbox 215 4049 227 4118; x_wconf 97' lang='grc' dir='ltr'>Η</span> <span class='ocrx_word' id='word_1_354' title='bbox 248 4052 332 4101; x_wconf 86' lang='lat' dir='ltr'>uoce</span> <span class='ocrx_word' id='word_1_355' title='bbox 333 4065 365 4101; x_wconf 89' lang='lat' dir='ltr'>nr</span> <span class='ocrx_word' id='word_1_356' title='bbox 320 4048 486 4102; x_wconf 88' lang='lat' dir='ltr'>tdicitur</span> <span class='ocrx_word' id='word_1_357' title='bbox 510 4047 563 4118; x_wconf 67' lang='lat' dir='ltr'>Vt!</span> <span class='ocrx_word' id='word_1_358' title='bbox 585 4049 764 4102; x_wconf 81' lang='lat' dir='ltr'>clarasoro.</span> <span class='ocrx_word' id='word_1_359' title='bbox 784 4047 836 4116; x_wconf 67' lang='lat' dir='ltr'>Vt!</span> <span class='ocrx_word' id='word_1_360' title='bbox 857 4049 892 4101; x_wconf 90' lang='grc'>20</span> <span class='ocrx_word' id='word_1_361' title='bbox 911 4061 964 4115; x_wconf 90' lang='lat' dir='ltr'>que</span> <span class='ocrx_word' id='word_1_362' title='bbox 983 4061 1085 4114; x_wconf 86' lang='lat' dir='ltr'>magne</span> <span class='ocrx_word' id='word_1_363' title='bbox 1105 4051 1127 4098; x_wconf 99' lang='lat' dir='ltr'><em>V</em></span> <span class='ocrx_word' id='word_1_364' title='bbox 1145 4042 1158 4113; x_wconf 96' lang='grc' dir='ltr'>Η</span> <span class='ocrx_word' id='word_1_365' title='bbox 1179 4044 1212 4097; x_wconf 92' lang='grc'>21</span> <span class='ocrx_word' id='word_1_366' title='bbox 1232 4042 1281 4095; x_wconf 87' lang='lat' dir='ltr'>ob-</span> 
     </span>
    </p>
   </div>
   <div class='ocr_carea' id='block_1_4' title="bbox 169 4121 1281 4312">
    <p class='ocr_par' dir='ltr' id='par_1_4' title="bbox 169 4121 1281 4312">
     <span class='ocr_line' id='line_1_36' title="bbox 169 4121 1281 4223; baseline -0.011 -14"><span class='ocrx_word' id='word_1_367' title='bbox 169 4171 266 4209; x_wconf 85' lang='lat' dir='ltr'>scuras</span> <span class='ocrx_word' id='word_1_368' title='bbox 287 4121 410 4223; x_wconf 77' lang='lat' dir='ltr'>singulas</span> <span class='ocrx_word' id='word_1_369' title='bbox 429 4158 451 4204; x_wconf 92' lang='lat' dir='ltr'><em>V</em></span> <span class='ocrx_word' id='word_1_370' title='bbox 469 4150 483 4223; x_wconf 94' lang='grc' dir='ltr'>Η</span> <span class='ocrx_word' id='word_1_371' title='bbox 503 4156 618 4223; x_wconf 85' lang='lat' dir='ltr'>pectore</span> <span class='ocrx_word' id='word_1_372' title='bbox 638 4171 660 4206; x_wconf 87' lang='lat'>11</span> <span class='ocrx_word' id='word_1_373' title='bbox 681 4153 771 4206; x_wconf 87' lang='lat' dir='ltr'>claras</span> <span class='ocrx_word' id='word_1_374' title='bbox 789 4155 811 4201; x_wconf 93' lang='lat' dir='ltr'><em>V</em></span> <span class='ocrx_word' id='word_1_375' title='bbox 830 4148 842 4220; x_wconf 95' lang='grc' dir='ltr'>Η</span> <span class='ocrx_word' id='word_1_376' title='bbox 863 4150 899 4206; x_wconf 89' lang='grc'>24</span> <span class='ocrx_word' id='word_1_377' title='bbox 917 4149 986 4204; x_wconf 89' lang='lat' dir='ltr'>fiunt</span> <span class='ocrx_word' id='word_1_378' title='bbox 1004 4163 1100 4204; x_wconf 88' lang='lat' dir='ltr'>omnes</span> <span class='ocrx_word' id='word_1_379' title='bbox 1113 4166 1150 4200; x_wconf 83' lang='lat' dir='ltr'>xx</span> <span class='ocrx_word' id='word_1_380' title='bbox 1168 4150 1190 4199; x_wconf 90' lang='lat' dir='ltr'><em>V</em></span> <span class='ocrx_word' id='word_1_381' title='bbox 1209 4143 1222 4214; x_wconf 96' lang='grc' dir='ltr'>Η</span> <span class='ocrx_word' id='word_1_382' title='bbox 1244 4145 1281 4198; x_wconf 86' lang='lat' dir='ltr'>si-</span> 
     </span>
     <span class='ocr_line' id='line_1_37' title="bbox 169 4239 569 4312; baseline -0.013 -14"><span class='ocrx_word' id='word_1_383' title='bbox 169 4247 227 4298; x_wconf 91' lang='lat' dir='ltr'>tum</span> <span class='ocrx_word' id='word_1_384' title='bbox 247 4245 293 4298; x_wconf 85' lang='lat' dir='ltr'>est</span> <span class='ocrx_word' id='word_1_385' title='bbox 309 4242 363 4298; x_wconf 89' lang='lat' dir='ltr'>hoe</span> <span class='ocrx_word' id='word_1_386' title='bbox 383 4241 491 4312; x_wconf 86' lang='lat' dir='ltr'>signum</span> <span class='ocrx_word' id='word_1_387' title='bbox 514 4246 536 4293; x_wconf 96' lang='lat' dir='ltr'><em>V</em></span> <span class='ocrx_word' id='word_1_388' title='bbox 555 4239 569 4312; x_wconf 95' lang='grc' dir='ltr'>Η</span> 
     </span>
    </p>
   </div>
   <div class='ocr_carea' id='block_1_5' title="bbox 0 0 1491 5010">
    <p class='ocr_par' dir='ltr' id='par_1_5' title="bbox 0 0 1491 5010">
     <span class='ocr_line' id='line_1_38' title="bbox 0 0 1491 5010; baseline 0 0"><span class='ocrx_word' id='word_1_389' title='bbox 0 0 1491 5010; x_wconf 95' lang='lat' dir='ltr'> </span> 
     </span>
    </p>
   </div>
  </div>
 </body>
</html>
