2948 5010
593 439 798 488 -xl-ss·

141 595 347 680 prauationes
369 594 557 678 plerumque
578 612 657 676 prae
673 612 708 659 se
724 592 830 656 ferunt
846 591 947 658 codex
962 592 1202 676 Freibergensis
1218 596 1250 660 et

142 715 297 779 Italorum
319 711 400 790 libri,
424 710 640 775 Strozzianum
663 710 736 775 dico
760 715 791 773 et
812 709 994 775 vaticanos.

228 829 365 895 Codices
392 832 498 894 autem
527 848 637 893 omnes
662 825 866 892 memorabili
894 827 1034 908 quodam
1060 826 1138 892 uitio
1161 827 1250 893 labo-

144 955 224 1027 rant,
247 947 334 1030 quod
355 951 500 1011 notatum
523 944 652 1028 quidem
674 950 723 1010 est
738 963 759 1008 a
773 943 851 1008 uiris
866 942 979 1028 doctis,
1001 945 1042 1009 ab
1060 944 1179 1010 Orellio
1195 945 1216 1008 l.
1228 945 1249 1009 l.

143 1088 175 1152 p.
192 1072 251 1136 186
274 1071 306 1132 et
320 1085 341 1129 a
356 1063 494 1147 Iosepho
509 1064 595 1148 Frey
609 1083 683 1128 nou.
699 1082 779 1126 mus.
796 1060 897 1126 Rhen.
914 1059 996 1124 XIII
1010 1064 1073 1129 418
1089 1081 1169 1146 sqq,
1192 1062 1251 1128 sed

143 1183 300 1265 nondum,
323 1185 359 1246 ut
380 1179 508 1263 opinor,
536 1180 689 1246 radicitus
712 1183 896 1246 extractum.
937 1198 1050 1244 uersus
1071 1178 1155 1243 enim
1176 1179 1251 1245 illos

145 1279 352 1389 [oro-530]
363 1348 372 1380 ‚
396 1297 437 1362 de
460 1297 575 1380 quibus
599 1296 865 1383 supradiximus,
889 1295 1007 1380 excipit
1029 1295 1251 1361 ornatissimus

145 1425 177 1485 et
198 1410 475 1503 splendidissimus
505 1413 546 1479 de
573 1415 689 1480 circulo
718 1414 848 1480 zodiaco
875 1413 1250 1500 locus[u.531-572].

144 1555 238 1618 quem
261 1535 288 1600 si
316 1554 388 1602 cum
415 1532 504 1598 tenui
530 1532 693 1615 signorum
720 1532 960 1598 enumeratione
981 1531 1102 1596 Aratea
1123 1551 1252 1614 compa-

143 1653 276 1735 raueris,
298 1650 483 1716 inusitatam
499 1649 690 1714 Germanico
706 1650 864 1715 mirabere
879 1649 1184 1732 magniloquentiam
1205 1654 1252 1713 at

146 1788 208 1851 que
231 1767 376 1834 ordinem
398 1773 555 1831 astrorum
576 1785 646 1830 cum
670 1767 710 1832 ab
732 1767 834 1851 ipsius
856 1772 922 1832 tum
939 1767 979 1830 ab
995 1765 1086 1830 Arati
1100 1786 1188 1832 more
1204 1766 1252 1832 di·
1316 1743 1318 1746 Α

144 1904 282 1951 uersum.
320 1881 478 1949 redundat
504 1884 590 1948 enim
615 1889 702 1950 totus
721 1885 819 1950 iocus
841 1885 972 1967 i'abuiis,
1001 1882 1122 1949 fabulis
1144 1889 1250 1949 autem

145 2001 355 2068 Germanicus
376 2008 432 2065 aut
458 2001 587 2066 omnino
613 2002 773 2067 abstinere
801 2008 855 2066 aut
882 2002 928 2067 eis
955 2021 1067 2085 parum
1093 2000 1169 2064 fidei
1195 2000 1251 2065 ha-

145 2121 221 2185 bere
250 2118 332 2183 solet
358 2117 398 2182 cf.
420 2117 543 2183 Phaon.
563 2123 604 2185 31
631 2123 690 2187 166
712 2123 786 2187 264.
827 2119 891 2183 iam
918 2118 1114 2183 enumeratio
1140 2119 1252 2202 incipit

144 2237 187 2302 ab
202 2236 312 2312 ariete,
335 2234 417 2300 duce
439 2234 612 2319 signomm,
635 2254 700 2300 non
722 2256 742 2300 a
764 2255 890 2301 cancro.
924 2240 1038 2319 postea
1059 2241 1167 2300 tamen
1188 2256 1252 2301 non

145 2353 206 2419 sibi
229 2356 355 2418 constat
376 2352 587 2417 Germanicus
614 2358 646 2417 et
672 2352 706 2417 in
728 2374 767 2418 ea
788 2359 879 2438 parte
901 2351 1065 2431 carminis,
1094 2371 1158 2434 qua
1181 2354 1252 2418 stel-

144 2473 205 2556 las,
229 2488 312 2553 quae
335 2489 406 2535 curn
421 2469 487 2534 XII
509 2469 610 2552 signis
633 2476 690 2535 aut
711 2471 859 2537 occidunt
880 2476 937 2537 aut
958 2469 1109 2549 oriuntur,
1133 2470 1254 2536 descri-

144 2590 201 2668 bit,
225 2587 362 2654 eundem
383 2593 483 2670 atque
502 2586 621 2653 Aratus
643 2589 786 2672 sequitur
808 2589 965 2669 ordinem,
990 2605 1081 2652 orsus
1104 2608 1125 2653 a
1147 2588 1253 2654 cancri

145 2705 249 2787 signo.
288 2705 369 2770 alter
396 2710 501 2770 autern
529 2704 694 2786 signorum
721 2707 801 2772 ordo
830 2705 977 2771 omnibus
1004 2705 1038 2768 in
1066 2704 1254 2790 fragmentis

144 2822 425 2904 Prognosticorum
448 2829 593 2889 seruatus
615 2829 680 2888 est·
706 2823 768 2888 huc
790 2822 913 2889 accedit
931 2823 1018 2907 quod
1041 2823 1254 2905 fragmentum

144 2942 281 3026 primurn
301 2940 412 3024 incipit
433 2961 454 3006 a
476 2960 572 3006 uersu
594 2941 808 3009 contaminato
829 2940 924 3007 huius
947 2940 1096 3006 editionis
1119 2941 1255 3022 quadra-

145 3060 286 3142 gesimo:
1344 3032 1349 3041 ⁵

273 3201 339 3242 ccc
359 3178 417 3241 aio
439 3190 484 3242 est
505 3179 581 3242 solie
603 3179 661 3242 bis
683 3179 787 3244 sacis
810 3178 947 3242 lucido
969 3179 1103 3264 sipario.

144 3295 219 3360 hinc
232 3293 369 3379 losepho
384 3294 470 3377 Frey
492 3299 561 3358 orta
584 3301 631 3360 est
653 3295 798 3379 suspitio,
821 3293 1069 3375 descriptionem
1092 3294 1181 3359 illam
1204 3314 1253 3359 zo·

145 3413 230 3479 diaci
252 3430 359 3478 errore
386 3411 588 3476 librariorum
610 3432 651 3477 ex
672 3412 890 3496 Prognosticis
911 3411 946 3476 in
967 3413 1194 3478 Phaenomena
1213 3413 1256 3475 ir-

145 3528 293 3612 repsisse.
329 3530 388 3595 sed
411 3548 476 3594 non
499 3548 609 3594 omnes
630 3549 743 3595 uersus
765 3530 860 3595 huius
881 3529 945 3595 loci
966 3528 1184 3613 Prognosticis
1205 3550 1256 3596 re·
1301 3510 1308 3521 ’

146 3646 325 3712 stituendos
347 3665 419 3712 esse
441 3645 597 3728 existimo,
620 3667 696 3712 nam
712 3648 839 3714 ultimos
854 3656 917 3714 tres
932 3665 1043 3711 eorum
1061 3644 1254 3735 [arc-572]

146 3763 215 3828 sine
237 3763 335 3828 dubio
357 3763 591 3829 Phaenomenis
614 3765 771 3831 uindicari
793 3784 924 3832 necesse
947 3769 1005 3846 est,
1030 3764 1056 3827 si
1070 3763 1203 3828 Aratum
1226 3771 1258 3831 et
1383 3781 1384 3785 ’

146 3900 302 3947 conexum
318 3880 545 3946 sententiamm
568 3883 711 3966 respicis,
735 3883 796 3948 nisi
810 3883 893 3948 forte
910 3883 1006 3949 etiam
1021 3903 1051 3947 u.
1068 3889 1130 3952 568
1147 3890 1179 3949 et
1191 3890 1255 3954 569

145 3998 207 4063 hoc
237 3998 308 4063 loco
338 3996 474 4063 retinere
504 4002 600 4083 atque
630 4001 753 4084 aliquid
785 4006 882 4066 antea
913 4000 1072 4066 excidisse
1105 4003 1254 4068 arbitrari

145 4106 270 4182 mauis.¹

232 4233 266 4301 Si
288 4233 417 4318 quidem
443 4239 529 4300 recte
557 4234 640 4303 hanc
662 4237 910 4323 descriptionem
936 4237 1046 4305 circuli
1068 4235 1192 4305 zodiaci
1213 4239 1256 4305 ad
