2948 5010
675 424 906 491 -124-

199 598 225 667 8
236 599 323 666 Iouis
350 597 478 663 domum
504 595 665 682 Lycaonis
692 594 825 661 firlminc
852 594 1049 661 incendisset
1077 614 1244 679 -eoque
1271 593 1343 661 loco

237 708 351 774 ciuitas
374 711 424 772 est
446 711 637 790 constructa,
662 724 746 787 qnae
768 708 932 791 Trapezos
955 704 1123 790 appellata
1146 711 1194 771 est
1215 743 1258 754 -
1280 707 1343 792 Ly-

236 836 370 883 caonem
385 836 461 883 uero
478 815 636 881 conuertit
656 815 690 879 in
711 815 831 898 lupum,
854 812 1035 880 Archadem
1057 819 1164 879 autem
1180 812 1344 898 conpactis

235 925 386 992 membris
409 926 452 991 ad
473 924 573 990 uitam
594 923 721 989 reduxit
744 930 775 989 et
790 923 920 989 cuidam
935 923 1082 1006 caprario
1099 922 1188 988 dedit
1204 922 1343 988 nutrien-

210 1035 321 1100 cdum.
346 1035 401 1119 qui
419 1056 490 1100 cum
510 1033 622 1099 adulta
641 1036 747 1099 aetate
762 1031 913 1117 uenisset,
937 1033 1030 1097 matri
1045 1031 1165 1099 inscius
1180 1032 1245 1098 uim
1259 1031 1345 1099 ferre

234 1144 345 1208 uoluit.
376 1163 458 1227 quos
484 1149 637 1226 utrosque
659 1141 790 1208 incolae
812 1142 936 1226 Lycaei
957 1141 1074 1206 montis
1098 1163 1169 1208 cum
1192 1140 1343 1208 occidere

234 1253 365 1337 uellent,
389 1253 533 1337 Iuppiter
554 1251 729 1339 [utrosque]
745 1251 887 1317 liberans
910 1251 1007 1317 astris
1029 1252 1142 1316 intulit.
1171 1251 1227 1334 qui
1241 1256 1277 1315 ut
1291 1269 1344 1317 res

235 1367 329 1445 gestu
351 1368 400 1427 est
420 1361 466 1427 ita
487 1365 626 1427 manent.
663 1360 721 1425 illa
743 1379 839 1425 ursae
862 1367 978 1426 natura
1006 1365 1037 1426 et
1066 1360 1122 1426 ille
1145 1362 1178 1426 in
1199 1380 1274 1426 eum
1296 1359 1344 1424 in·

235 1475 345 1554 petum
367 1470 495 1536 faciens.
527 1490 624 1560 quem
643 1472 777 1536 Bootem
799 1470 957 1536 Homerus
979 1462 1084 1536 uocet.
1114 1469 1213 1535 habet
1235 1473 1345 1534 autem

200 1579 349 1648 rostelles
371 1578 405 1644 in
429 1580 544 1647 dextra
565 1600 664 1645 manu
687 1586 834 1662 quatuor,
858 1598 942 1661 quae
964 1600 1029 1645 non
1051 1578 1210 1657 occidunt,
1232 1576 1267 1642 in
1290 1597 1344 1642 ca·

234 1687 299 1772 pite
322 1688 442 1754 claram
464 1714 486 1768 1,
509 1691 543 1755 in
565 1689 699 1774 singulis
721 1687 862 1754 humeris
885 1688 1038 1771 singulas,
1060 1688 1095 1753 in
1117 1686 1253 1772 singulis
1274 1706 1343 1753 ma-

234 1796 331 1862 millis
354 1798 509 1884 singulas
532 1799 565 1864 in
588 1800 703 1864 dextra
724 1803 816 1882 perte
832 1798 976 1882 corporis
992 1798 1051 1864 sub
1067 1795 1214 1862 mamille
1229 1797 1344 1863 obseu-

234 1925 304 1972 rcm
318 1929 339 1986 1,
361 1907 396 1971 in
419 1907 653 1974 dextm'oubito
669 1908 791 1973 cleram
805 1931 826 1992 1,
849 1907 932 1972 inter
946 1927 1054 1990 genua
1068 1905 1343 1990 utroqueclarom

234 2020 266 2079 et
287 2036 439 2098 magnam
461 2039 482 2101 1,
506 2035 590 2099 quae
613 2023 662 2083 est
683 2022 839 2096 arcturus,
862 2018 896 2082 in
919 2018 1053 2102 singulis
1074 2016 1212 2103 pedibus
1235 2015 1342 2100 singu-

197 2157 221 2194 1⁵
233 2123 292 2190 las.
323 2123 402 2189 fiunt
425 2146 535 2192 omnes
557 2147 689 2192 numero
712 2149 792 2192 x1111.

318 2233 459 2320 Virginis
481 2235 556 2302 inde
579 2236 699 2324 subest]

195 2454 329 2520 aquom
344 2457 416 2503 cum
431 2439 598 2519 immolare
614 2440 733 2505 uellent
748 2438 946 2505 habitatores
961 2440 1034 2519 loci,
1056 2439 1176 2524 Iupiter
1196 2436 1342 2504 liberans

230 2545 313 2612 inter
332 2551 422 2612 astra
436 2548 634 2635 conlocauit.¹
648 2550 834 2633 Lycaonem
855 2567 933 2612 uero
958 2550 1113 2616 conuertit
1134 2549 1169 2613 in
1190 2544 1340 2625 bestiam.

231 2653 329 2719 habet
356 2655 470 2741 stellas
499 2657 533 2721 in
560 2657 673 2723 dextre
700 2658 828 2740 quidem
854 2677 953 2725 manu
979 2664 1130 2744 quatuor,
1162 2675 1248 2740 quae
1277 2675 1341 2720 non

193 2763 393 2844 woocidunt
423 2765 458 2830 in
484 2767 587 2850 capite
616 2767 818 2851 splendidam
844 2790 955 2846 unam,
983 2769 1017 2833 in
1041 2768 1177 2853 singulis
1198 2764 1341 2831 humeris

231 2874 388 2959 singulas,
415 2876 449 2941 in
474 2877 619 2943 mamilla
646 2897 758 2955 unam,
787 2878 822 2943 in
850 2878 960 2943 dextro
984 2878 1089 2944 cubito
1112 2879 1281 2960 iquatuor,
1307 2874 1343 2940 in

231 2983 358 3067 sinistro
393 3006 504 3073 unam,
540 2990 572 3054 in
601 2985 737 3068 singulis
764 2991 902 3072 genibus
930 2988 1086 3073 singulas.
1128 2989 1202 3055 sunt
1229 3002 1343 3050 omnes

231 3116 312 3160 mm.

191 3301 212 3350 S
265 3301 376 3356 lIouis
396 3306 487 3356 cutem
507 3303 608 3359 dicitur
627 3304 737 3358 domum
755 3267 828 3360 iduis
852 3311 873 3358 V
892 3304 905 3376 Η
925 3304 1086 3360 incendisse
1104 3309 1154 3357 SV
1172 3303 1185 3375 Η
1205 3303 1269 3358 loco
1290 3321 1341 3358 om.

234 3392 256 3440 V
275 3388 288 3458 Η
309 3390 326 3443 2
345 3390 459 3444 ciuitate
478 3396 498 3445 S
519 3391 532 3462 Η
553 3393 696 3447 ciuitatem
721 3399 742 3446 V
766 3391 780 3463 Η
805 3393 906 3447 ciuitas
925 3396 1085 3460 subscripsi
1111 3389 1124 3460 Η
1150 3392 1341 3445 constructum

234 3481 256 3528 V
280 3475 293 3547 Η
317 3481 484 3548 trepetoss
511 3478 524 3549 Η
552 3480 763 3534 3conuertisso
789 3486 810 3533 V
837 3480 851 3551 Η
879 3479 1029 3550 spectus
1056 3477 1069 3549 Η
1096 3475 1252 3548 compactis
1277 3479 1299 3527 V
1324 3473 1339 3546 Η

229 3566 247 3620 4
264 3564 350 3618 ffibris
369 3570 390 3618 S
411 3564 424 3637 Η
442 3565 590 3621 reduxisse
610 3572 659 3619 SV
678 3565 691 3637 Η
711 3566 822 3621 reduxit
840 3573 936 3636 scripsi
957 3569 969 3636 Η
991 3565 1106 3620 dedisse
1125 3564 1161 3618 cd
1179 3568 1201 3616 V
1220 3561 1232 3633 Η
1252 3563 1270 3618 5
1289 3561 1339 3616 cd-

228 3652 288 3706 ultn
303 3649 480 3719 pestilente
498 3658 520 3706 V
538 3653 550 3724 Η
571 3655 673 3709 inferre
691 3660 713 3708 V
731 3653 745 3725 Η
765 3656 782 3710 6
800 3657 872 3711 isole
891 3656 997 3727 lyoeiS
1018 3654 1031 3725 Η
1052 3669 1113 3707 cum
1131 3653 1161 3705 in
1180 3650 1252 3705 colle
1272 3648 1340 3704 licei

233 3745 255 3793 V
274 3738 288 3811 Η
309 3740 443 3811 71upiter
460 3747 482 3795 V
501 3739 513 3811 Η
534 3746 667 3812 utrosque
681 3746 768 3796 deieci
787 3741 802 3814 Η
820 3744 930 3810 8111οᾈ
947 3746 1084 3814 ipetums
1105 3741 1118 3811 Η
1138 3740 1186 3794 ille
1204 3738 1340 3809 impetum

233 3832 255 3880 V
273 3824 287 3897 Η
307 3826 353 3880 ille
371 3827 400 3882 in
419 3845 480 3882 eum
498 3829 624 3900 inpetum
642 3834 738 3897 scripsi
759 3828 774 3901 Η
794 3832 810 3885 9
829 3831 932 3885 fatiens
950 3836 971 3885 S
992 3829 1005 3900 Η
1026 3830 1060 3884 lb
1078 3843 1192 3882 numero
1211 3846 1262 3880 om.
1281 3832 1303 3879 V
1322 3825 1337 3897 Η

228 3915 263 3969 16
283 3918 542 3970 uermes-1408
562 3917 575 3987 Η

192 4062 215 4111 G
264 4059 297 4113 17
311 4057 431 4113 emulare
447 4058 485 4108 GV
505 4055 518 4127 Η
538 4055 659 4129 iuppiter
674 4053 752 4108 papi
766 4055 779 4127 Η
801 4058 834 4112 18
847 4055 1000 4112 collocabit
1013 4057 1049 4111 (il
1070 4055 1083 4128 Η
1103 4057 1242 4112 licecnem
1256 4057 1336 4112 0⁸0⁸

231 4142 245 4215 Η
266 4145 298 4199 19
318 4144 434 4199 dextera
453 4141 531 4197 <3⁰6⁶
552 4141 566 4213 Η
590 4145 722 4214 quattuor
741 4147 779 4198 Gt·
800 4143 813 4218 Η
833 4145 868 4200 22
886 4145 1004 4215 genibus
1022 4161 1104 4200 unam
1125 4143 1202 4199 (Μ’
1223 4142 1238 4215 Η
1258 4148 1337 4214 infra

229 4234 316 4300 imopc
337 4229 441 4286 desei
461 4231 475 4304 Η
494 4228 648 4287 BOOTES
666 4233 765 4287 subscr.
785 4235 808 4288 (i
827 4231 843 4304 Η
862 4231 1002 4290 BOOTIS
1023 4233 1062 4287 θ’
1082 4230 1096 4303 Η
