2948 5010
604 393 840 459 -133-

166 581 228 629 uae
250 561 344 629 filius.
368 563 423 645 qui
438 563 600 629 Vulcanus
626 583 696 627 cum
717 550 787 627 Ioui
808 561 944 627 fulmina
967 562 1113 644 efficeret,
1136 564 1177 629 ab
1199 565 1319 637 Ioues

166 672 356 756 promissum
379 673 511 757 accepit,
536 677 570 735 ut
592 671 742 754 quicquid
764 672 861 736 uellet
882 680 1107 755 praesumeret.
1143 671 1198 737 ille
1220 673 1278 737 Mi·

165 800 297 868 neruam
319 783 353 847 in
375 784 558 864 coniugium
580 780 699 864 petiuit.
723 782 867 867 luppiter
886 769 1065 865 imperauit,
1087 787 1123 846 ut
1134 781 1279 847 Minerua
1309 806 1312 812 ¹

165 891 263 957 armis
285 892 499 975 uirginitatem
521 889 719 956 defenderet.
749 893 888 974 dumque
909 891 1089 957 cubiculum
1103 891 1277 969 introirent

166 999 316 1066 certando
339 1002 502 1067 Vulcanus
529 1020 638 1066 semen
666 1000 700 1064 in
721 1000 938 1084 pauimentum
961 1001 1049 1092 iecit,
1077 1000 1162 1066 unde
1184 1005 1279 1065 natus
1302 1020 1314 1057 ⁵

165 1115 214 1174 est
228 1106 418 1195 Erictonius,
443 1129 537 1190 quem
552 1109 696 1174 Minerua
710 1110 743 1173 in
764 1110 876 1175 cistam
891 1108 1060 1177 abscondit
1075 1110 1276 1191 draconeque

165 1218 296 1283 custode
312 1217 459 1302 opposito
476 1218 600 1283 duabus
617 1219 780 1284 sororibus
795 1219 939 1300 Aglauro
956 1225 987 1283 et
1000 1217 1168 1284 Pandroso
1192 1237 1276 1282 com-

165 1326 337 1391 mendauit.
362 1329 416 1410 qui
439 1327 559 1410 primus
583 1348 709 1392 currum
731 1327 814 1392 inter
834 1328 980 1394 homines
996 1328 1104 1393 docuit
1119 1328 1210 1411 equis
1232 1329 1276 1392 al-

164 1436 215 1501 bis
242 1436 373 1520 iungere
401 1443 432 1503 et
457 1437 536 1502 solis
563 1436 740 1520 quadrigae
774 1434 909 1501 similem
941 1436 1045 1502 facere
1075 1437 1275 1522 primumque

164 1545 392 1612 Panathenaea
415 1546 625 1629 constituisse,
649 1565 755 1611 arcem
777 1545 995 1629 templumque
1017 1545 1205 1612 aedificasse
1227 1546 1275 1610 di·
1290 1569 1313 1608 ιο
1424 1618 1426 1623 ,

165 1655 254 1721 citur.
278 1675 373 1737 quem
388 1655 475 1721 louis
498 1655 629 1720 miratus
650 1653 744 1719 astris
768 1662 928 1739 receptum
944 1655 1117 1721 memoriae
1132 1655 1274 1720 tradidit.

163 1765 197 1829 in
218 1763 280 1830 hoc
302 1765 393 1850 signo
416 1771 447 1830 et
470 1785 566 1849 capra
588 1769 646 1842 est,
671 1783 767 1845 quam
788 1765 822 1828 in
844 1765 974 1830 humero
989 1770 1106 1849 portat,
1130 1783 1212 1846 quae
1226 1766 1274 1829 lo-

163 1894 237 1940 uem
259 1875 397 1960 nutriuit,
420 1876 560 1958 itemque
581 1872 678 1938 haedi
701 1873 770 1938 eius
793 1873 867 1953 filii,
892 1894 973 1957 quos
996 1874 1107 1958 auriga
1128 1874 1162 1939 in
1182 1874 1275 1939 brac-

164 1981 235 2047 chio
256 1989 370 2068 portat.
396 1984 509 2049 fluctus
531 1981 714 2065 significare
736 1989 917 2049 noscuntur.
945 1986 1093 2049 Musaeus
1115 1982 1154 2047 de
1178 2002 1275 2066 capra

163 2094 225 2159 hoc
247 2093 355 2159 refert:
383 2093 476 2158 datur
497 2094 584 2159 Iouis
605 2093 713 2158 infans
735 2093 921 2158 nutriendus
943 2092 1090 2158 Themidi
1112 2098 1144 2156 et
1164 2091 1311 2169 Amal-1⁵¹

162 2203 268 2281 thone,
292 2212 374 2285 quae
396 2202 455 2267 fuit
478 2202 607 2268 domina
629 2216 755 2284 caprae.
779 2221 861 2282 quae
882 2221 923 2266 ex
944 2221 984 2266 ea
998 2201 1110 2265 Iouem
1132 2199 1272 2265 nutriuit.

165 2330 238 2378 esse
252 2317 356 2376 autem
372 2311 455 2376 hanc
470 2312 630 2396 capellam
652 2309 736 2375 Solis
759 2309 855 2374 filiam
879 2309 995 2389 dicunt,
1018 2309 1107 2374 ouius
1122 2312 1273 2393 aspectus

162 2427 229 2486 tam
251 2427 342 2484 atrox
356 2419 455 2486 fuisse
471 2420 593 2501 dicitur,
616 2428 651 2485 ut
666 2419 796 2485 Titanes
812 2440 883 2484 eam
898 2419 1043 2486 timerent
1057 2421 1272 2501 rogarentque

163 2643 257 2707 quem
279 2644 350 2690 cum
370 2625 456 2689 Iouis
478 2625 612 2692 uidisset
634 2627 715 2691 inter
737 2622 883 2688 homines
899 2642 1000 2705 equos
1023 2622 1117 2687 albos
1139 2621 1309 2705 iungere&

162 2737 193 2797 et
220 2731 305 2798 Solis
335 2733 512 2817 quadrigae
549 2736 683 2801 similem
715 2731 898 2796 hominibus
929 2730 1037 2795 facere
1069 2731 1270 2816 primumque
1283 2763 1310 2802 ro

161 2840 296 2908 Athenis
318 2864 468 2929 pompam
483 2843 646 2923 inducere,
669 2862 774 2909 arcem
789 2841 1005 2924 templumque
1020 2838 1201 2921 aedificare,
1224 2838 1270 2901 in-

161 2957 209 3016 ter
232 2957 320 3018 astra
343 2954 514 3020 constituit.

197 3166 212 3219 1
232 3163 305 3220 iilius
324 3184 393 3221 corr.
407 3184 442 3218 en
459 3165 545 3219 filium
564 3170 584 3218 S
609 3160 622 3233 Η
648 3162 750 3223 fulmen
775 3169 797 3215 V
820 3162 833 3235 Η
856 3165 874 3218 3
891 3163 974 3231 cinge
998 3165 1021 3214 V
1044 3158 1057 3229 Η
1083 3160 1191 3231 Iupiter
1214 3165 1235 3213 V
1254 3159 1268 3231 Η
1290 3171 1309 3216 s

160 3253 178 3308 4
195 3253 278 3307 armis
299 3273 348 3306 om.
366 3258 388 3306 V
406 3252 422 3323 Η
442 3252 638 3307 defendisses
660 3249 672 3321 Η
692 3251 721 3318 in
740 3250 896 3305 cubiculum
914 3253 937 3302 V
956 3248 969 3319 Η
989 3252 1006 3305 6
1023 3247 1195 3302 herictonius
1214 3252 1236 3301 V
1255 3245 1270 3318 Η

161 3341 269 3409 eystam
287 3343 308 3411 β
328 3338 342 3410 Η
363 3341 436 3395 cista
458 3346 480 3392 V
498 3338 512 3410 Η
534 3339 714 3407 draconemq;
734 3341 754 3388 S
774 3335 788 3408 Η
815 3337 830 3391 7
850 3334 976 3391 custodit
994 3335 1127 3406 opposito
1146 3339 1166 3387 S
1186 3331 1200 3406 Η
1221 3351 1269 3404 ap-

160 3427 254 3498 posito
279 3431 301 3480 V
324 3426 338 3497 Η
364 3431 394 3481 et
412 3430 497 3480 σιω
521 3425 534 3496 Η
561 3425 753 3496 pandorems
779 3423 793 3492 Η
818 3423 960 3494 pandoroe
985 3420 1039 3492 Vll
1065 3421 1147 3477 snio
1165 3422 1269 3491 primus

164 3517 187 3566 V
205 3511 219 3583 Η
240 3530 335 3569 currus
349 3518 397 3566 SV
416 3514 428 3583 Η
449 3514 523 3568 inter
536 3531 585 3566 om.
605 3518 626 3564 V
646 3508 659 3582 Η
680 3526 768 3579 equos
788 3510 865 3563 aluos
879 3510 994 3578 fungere
1009 3513 1038 3562 et
1051 3508 1119 3562 solis
1134 3506 1269 3578 quadriga

160 3599 279 3654 similem
298 3605 318 3652 S
337 3598 350 3669 Η
372 3600 452 3669 equis
471 3599 573 3653 iunctis
594 3597 690 3651 docuit
709 3597 815 3651 similes
834 3597 968 3666 quadriga
989 3595 1058 3648 solis
1082 3598 1104 3647 V
1127 3592 1141 3665 Η
1167 3596 1202 3650 10
1219 3611 1269 3665 pa·

159 3686 337 3740 natheneaS
358 3685 372 3757 Η
392 3690 569 3757 panatnenea
591 3692 613 3739 V
633 3684 646 3757 Η
666 3683 815 3737 hedificare
834 3686 856 3735 S
876 3682 889 3752 Η
911 3681 1058 3736 edificasse
1082 3686 1105 3732 V
1127 3679 1141 3754 Η
1168 3681 1270 3735 dicitur

159 3776 243 3825 om.S
264 3771 277 3843 Η
297 3773 331 3827 12
343 3771 396 3843 qs
416 3772 429 3843 Η
451 3776 485 3829 13
496 3773 596 3827 hedis
616 3771 630 3844 Η
651 3773 711 3826 eius
730 3770 781 3823 filii
800 3769 846 3822 cdi
864 3774 885 3821 V
904 3767 917 3837 Η
937 3767 1052 3822 brachio
1071 3773 1093 3821 V
1111 3767 1125 3840 Η
1146 3770 1181 3825 14
1196 3769 1268 3823 fruc·

158 3863 239 3914 tues
259 3857 273 3930 Η
292 3860 340 3929 qui
359 3861 464 3914 fructus
482 3866 503 3912 V
522 3861 535 3932 Η
556 3861 656 3917 fluctus
677 3862 691 3909 b
712 3856 725 3929 Η
745 3857 859 3911 Muscus
873 3859 921 3907 SV
940 3852 955 3924 Η
972 3854 1006 3909 15
1025 3855 1234 3909 nutriendums
1255 3852 1268 3924 Η

159 3948 193 4013 ad
205 3946 369 4000 nutriendus
389 3952 411 3998 V
429 3946 442 4017 Η
462 3948 597 4002 themidis
610 3948 736 4002 althees
757 3943 769 4016 Η
790 3940 921 3997 themidie
936 3942 1011 3995 alteo
1029 3947 1051 3995 V
1070 3941 1083 4014 Η
1104 3942 1138 3997 17
1157 3956 1269 4012 capram

159 4031 244 4086 liliam
264 4031 332 4087 solis
357 4038 378 4086 V
397 4034 409 4103 Η
431 4035 466 4089 18
484 4034 573 4096 luiss3
594 4038 613 4086 S
633 4030 647 4102 Η
671 4049 731 4086 eum
756 4035 777 4083 V
796 4029 809 4100 Η

195 4188 231 4244 so
249 4187 384 4259 quinne
399 4187 482 4281 'ocor
503 4186 517 4262 ΗΗ
538 4171 713 4271 amnena
734 4184 747 4259 ΗΗ
768 4184 856 4261 prinu
874 4185 895 4257 q
914 4183 938 4239 o
957 4180 971 4258 Η
991 4183 1025 4240 21
1045 4181 1216 4243 eruenta
1235 4178 1249 4260 ΗΗ
1283 4187 1307 4237 u
