2948 5010
574 434 779 477 ...Ix-

206 587 311 667 Atqne
337 583 494 649 immerito
521 581 761 666 suppositicium
789 579 983 646 existimauit
1005 579 1135 647 Grotius
1156 598 1228 647 ner-

123 726 195 772 sum
216 710 279 775 458

252 822 370 888 lacteas
391 821 441 884 tic
463 819 548 884 orbis
570 819 657 883 τιιιλλο
678 819 782 883 minor
803 820 875 883 orbe
896 831 1019 884 rotatur

124 936 202 1020 quia
222 936 284 1003 hoc
304 957 370 1005 non
392 941 477 1003 esset
496 935 530 1000 in
543 934 652 1000 Arato.
687 937 736 999 est
757 940 863 1000 autem
886 940 920 1000 ut
942 934 1057 1020 opinor
1071 934 1106 999 in
1119 933 1228 1012 Arato,

121 1053 152 1119 is
174 1055 258 1120 enim
279 1055 326 1121 ait

595 1165 691 1238 Γάλα
711 1195 769 1254 μιν
791 1170 981 1238 καλέουσιν.

252 1295 299 1380 τῷ
322 1287 354 1359 δ’
379 1283 455 1379 ἤτοι
474 1289 590 1377 χροιὴν
610 1289 671 1372 μὲν
694 1284 843 1376 ἀλίγκιος
866 1285 977 1358 οὐκέτι
1000 1285 1118 1368 κύκλος

169 1415 232 1479 478
257 1410 407 1489 δινεῖται,
430 1408 471 1475 τὰ
495 1409 533 1476 δὲ
554 1407 659 1494 μέτρα
680 1403 798 1475 κόσοι
819 1406 971 1498 πιούρων
992 1433 1055 1495 περ
1079 1401 1199 1474 ἐόντων

252 1524 285 1594 ολ
307 1525 377 1609 δύο,
401 1528 455 1595 τοὶ
477 1525 514 1595 ds‘
536 1550 649 1614 σφεων
669 1528 755 1615 μέγα
776 1527 908 1611 μείονες
929 1525 1142 1596 εἱλίσσονται.

124 1644 210 1711 hanc
235 1648 276 1713 de
304 1646 523 1729 magnitudine
552 1646 741 1712 circulorum
767 1649 958 1714 sententiam
985 1654 1082 1712 antea
1104 1645 1232 1728 quidem

124 1763 272 1829 uersibus
287 1769 455 1832 449-451
473 1762 682 1828 Germanicus
696 1765 858 1849 uniuerso,
881 1767 1005 1832 lacteae
1020 1765 1093 1830 uiae
1107 1763 1232 1828 ratione

124 1900 190 1944 non
211 1880 332 1960 habita,
355 1881 520 1964 expressit
543 1886 578 1946 at
591 1882 653 1947 hoc
667 1883 738 1947 loco
755 1902 785 1945 ιι.
801 1887 864 1951 458
879 1883 962 1948 inter
977 1881 1133 1947 maximos
1150 1878 1232 1945 caeli

125 1997 263 2063 circulos
284 1999 423 2066 lacteum
445 2001 608 2065 numerari
631 1999 721 2080 dicit,
749 1998 783 2064 id
806 2000 892 2082 quod
916 2007 991 2066 ante
1013 1998 1121 2064 omisit
1141 2018 1232 2082 repe·

124 2119 206 2180 tens.
248 2118 425 2182 Romanum
454 2136 531 2183 uere
561 2124 689 2201 poetam
719 2138 824 2199 neque
850 2118 946 2182 anxie
976 2117 1114 2200 uestigia
1139 2117 1231 2182 Arati

123 2232 281 2314 pressisse
304 2239 420 2299 ettam
443 2234 543 2301 libere
567 2254 663 2316 quam
691 2236 790 2318 perite
816 2254 884 2300 rem
910 2241 1067 2301 tractasse
1093 2235 1160 2299 iam
1185 2224 1238 2297 in!

122 2354 172 2413 ter
193 2369 305 2416 omnes
327 2359 459 2417 constat.
493 2352 608 2437 quodsi
623 2351 753 2418 Grotius
768 2374 799 2417 u.
815 2357 878 2422 458
894 2353 1144 2418 contaminatum
1160 2370 1232 2417 esse

125 2472 234 2533 censet
255 2487 294 2533 ex
319 2469 483 2538 Ciceronis
503 2472 753 2537 Phaenomenon
775 2490 871 2536 uersu
887 2476 949 2538 249

252 2589 387 2654 antcus
409 2591 461 2654 bic
483 2593 580 2656 ιιιίκίο
592 2592 730 2677 scalpens
752 2591 889 2656 caudore
911 2602 1038 2654 κοιοοκν

126 2708 157 2767 et
179 2703 363 2771 Germanici
384 2725 481 2772 uersu
495 2712 558 2776 496

252 2826 307 2890 λοο
328 2827 410 2892 iuter
431 2825 554 2890 οτιιλίτιο
576 2825 663 2889 uallo
684 2826 789 2891 κιίιιοκ
810 2827 895 2889 orbis
917 2839 1028 2910 ocatur

124 2961 189 3005 non
211 2960 357 3026 moneor,
387 2962 459 3008 cum
487 2961 646 3024 nusquam
674 2941 752 3007 alibi
773 2943 964 3007 Arateorum
990 2940 1109 3006 indicia
1136 2943 1232 3008 inter-

123 3058 297 3140 polationis
329 3078 369 3124 cx
398 3059 562 3127 Ciceronis
591 3059 824 3125 Phaenomenis
855 3059 990 3125 haustae
1019 3060 1231 3142 inueniantur,

125 3193 195 3239 cum
219 3180 253 3239 ut
275 3177 406 3244 cuilibet
427 3178 482 3242 alii
504 3179 622 3244 dicenti
644 3177 698 3243 uel
728 3176 879 3242 scribenti
901 3178 947 3242 ita
967 3183 1083 3261 poetae
1105 3197 1233 3261 quoqne

123 3293 221 3359 liceat
243 3294 365 3360 eisdem
387 3295 495 3361 uerbis
517 3296 590 3379 plus
613 3296 711 3362 semel
727 3295 781 3378 uti,
804 3294 992 3379 praesertim
1008 3295 1035 3360 si
1051 3296 1166 3360 eadem
1181 3315 1233 3361 res

123 3411 269 3494 pluribus
290 3411 371 3478 locis
394 3413 674 3478 commemoranda
696 3418 754 3477 est.
788 3413 876 3479 uelut
891 3412 1101 3478 Germanicus
1122 3419 1171 3478 ter
1186 3414 1232 3478 di·

123 3531 171 3594 xit
187 3524 317 3614 ‘rapere
336 3524 459 3595 orbem’
481 3535 646 3599 usum
664 3537 737 3601 661.
772 3551 855 3616 quae
868 3551 950 3597 cum
972 3532 1018 3598 ita
1041 3529 1111 3609 sint,
1135 3531 1230 3595 etiam

125 3671 190 3715 non
214 3653 262 3715 est
284 3667 340 3713 cur
361 3648 553 3715 accedamus
575 3649 619 3714 ad
641 3650 830 3715 sententiam
853 3648 983 3733 Iosephi
1004 3648 1101 3735 Frey,
1125 3649 1233 3732 quiet

123 3787 253 3833 uersum
275 3772 339 3835 458
366 3773 399 3832 et
424 3768 669 3850 praecedentem
698 3787 719 3830 a
733 3766 933 3851 'Germanico
960 3767 1156 3833 abiiudicare
1183 3788 1233 3833 co·
1308 3773 1311 3777 ’

123 3891 217 3950 natus
238 3885 395 3951 hocloco
418 3884 542 3966 aliquid
565 3884 723 3950 excidisse
746 3884 927 3950 arbitratur.

208 4003 339 4068 Illorum
365 4002 458 4066 trium
485 4003 630 4068 codicum
658 4003 746 4070 uitiis
768 4001 1030 4069 adnumerandus
1053 4007 1127 4066 sunt
1149 4022 1233 4067 com-

123 4122 233 4205 plures
255 4121 452 4203 singulorum
479 4123 651 4187 uerborum
678 4116 873 4189 mutationes
902 4128 933 4187 et
959 4119 1232 4204 transpositiones,

123 4261 208 4324 quae
231 4242 361 4325 quidem
382 4241 554 4307 maximam
574 4246 696 4325 partem
719 4241 762 4306 ad
784 4261 914 4308 sensum
936 4239 1014 4306 nihil
1035 4237 1163 4304 faciant.
1193 4256 1232 4303 eo
