2948 5010
499 395 732 461 -115—

57 587 116 633 nes
138 567 332 652 aspicientes
347 566 498 632 continuo
520 565 682 647 nauigant.
706 564 820 630 dicitur
842 565 954 632 aloue
975 564 1058 631 iuter
1080 566 1209 637 astrati
1240 574 1242 579 '

59 677 247 762 collocatus,
270 684 306 743 ut
324 677 443 761 duplex
457 675 560 741 honor
574 675 702 741 Helices
717 681 958 743 monstraretur.
978 674 1169 757 Aglaosthe·

58 809 117 855 nes
144 788 276 872 quidem
304 788 338 852 in
359 787 512 853 Naxiaois
541 785 734 853 carminibus
759 788 959 872 Cynosuram
986 784 1063 854 dicit
1083 786 1170 852 louis

57 897 157 964 luisse
179 899 346 983 nutricem,
369 916 467 961 uuam
490 916 529 961 ex
551 896 659 962 Idaeis
681 897 840 982 nymphis.
869 919 889 963 a
911 918 976 981 qua
998 899 1031 961 in
1055 896 1170 962 Cretae
1276 943 1279 947 ·

59 1007 178 1094 oppido
193 1009 287 1088 lstoe,
305 1007 392 1091 quod
407 1007 605 1072 Nicostratus
628 1006 799 1091 constituit,
822 1013 933 1091 portus
948 1013 979 1073 et
995 1008 1081 1074 circa
1097 1026 1171 1073 eum
1196 1027 1209 1064 ε

58 1118 165 1183 locum
189 1118 358 1203 Cynosura
386 1117 612 1201 appellaretur.
653 1123 684 1182 et
708 1117 814 1202 ipsam
841 1120 957 1184 Naxon
981 1118 1171 1203 Cynosuran

60 1228 267 1314 appellatam.
291 1227 372 1292 haec
387 1226 554 1311 Cynosura
576 1226 635 1291 fuit
657 1247 728 1291 cum
743 1227 927 1307 Telchiniis,
952 1229 1005 1311 qui
1024 1228 1173 1294 dicuntur

63 1338 196 1405 Curetes
217 1336 316 1402 Idaei.
347 1337 464 1401 Aratus
488 1336 677 1427 Cynosuran
699 1343 731 1401 et
752 1337 887 1404 Helicen
909 1337 1071 1404 Cretensis
1085 1339 1173 1405 louis

62 1447 202 1512 nutrices
224 1446 325 1514 fuisse
348 1447 433 1525 dicit,
457 1447 497 1512 ob
522 1448 608 1529 quod
631 1452 704 1512 sunt
727 1446 858 1513 caelesti
879 1449 1019 1514 donatae
1041 1448 1171 1514 honore.

60 1557 158 1624 habet
180 1563 287 1623 autem
310 1556 423 1623 stellas
445 1558 477 1622 in
500 1558 632 1624 humero
655 1557 857 1642 splendidam
873 1581 893 1637 1,
915 1558 949 1621 in
964 1565 1092 1641 pectore
1108 1560 1172 1626 cla·
1186 1578 1212 1618 ιο

61 1688 130 1734 ram
152 1692 174 1754 r,
196 1668 230 1732 in
252 1667 346 1751 spina
368 1667 489 1732 claram
504 1691 525 1747 1,
548 1667 581 1732 in
603 1673 714 1733 uentre
737 1669 857 1734 claram
872 1692 893 1749 1,
915 1686 1012 1752 super
1034 1668 1172 1735 caudam

62 1779 165 1845 claras
180 1801 226 1841 111.
249 1777 328 1842 fiunt
343 1797 453 1842 omnes
469 1801 523 1841 v11.
548 1799 645 1861 supra
664 1778 747 1845 alias
764 1780 802 1843 tx
818 1799 900 1863 quae
921 1779 1119 1863 praecedunt
1140 1783 1173 1844 et

64 1888 212 1954 dicumur
233 1887 390 1967 ludentes,
414 1894 447 1954 et
461 1887 601 1951 maxima
623 1889 733 1968 altera,
758 1910 842 1972 quae
856 1893 990 1956 uocatur
1012 1888 1115 1974 polus,
1138 1888 1172 1952 in

63 2020 127 2082 quo
150 2019 171 2062 a
193 1997 385 2080 quibusdam
407 2002 535 2082 putatur
556 2002 643 2062 totus
666 1998 752 2064 orbis
774 1997 985 2064 circumuerti.

62 2220 141 2286 Ioue
156 2219 239 2284 inter
255 2224 343 2284 astra
358 2217 553 2296 conlocatus,
577 2223 612 2282 ut
628 2217 747 2304 duplex
761 2218 865 2283 honor
879 2217 1000 2283 Helicis
1015 2211 1211 2283 monstra-C

63 2335 160 2395 retur.
189 2312 427 2415 aglaosthenes
455 2326 585 2411 quidem
612 2328 646 2394 iu
672 2328 866 2395 carminibus
890 2328 956 2394 suis
979 2327 1070 2407 dicit,
1100 2346 1173 2394 eam

63 2437 217 2504 nutricem
240 2438 341 2505 luisse
355 2438 444 2504 Iouis
466 2445 498 2504 et
513 2460 533 2504 a
549 2439 687 2519 ciuitate,
711 2460 808 2522 quam
822 2437 1006 2504 Nicostrata
1021 2436 1173 2517 condidit,

63 2566 148 2629 quae
170 2546 231 2613 hoc
252 2549 383 2614 nomine
403 2555 549 2628 uocatur,
579 2551 667 2616 oanis
690 2547 828 2615 caudam
849 2552 1068 2632 nuncupatam
1089 2567 1172 2612 esse.

62 2655 182 2722 Aratus
203 2662 314 2724 autem
335 2665 431 2724 uocat
453 2679 525 2724 eam
541 2659 693 2739 Helicem
717 2659 803 2741 quod
821 2656 861 2723 de
878 2656 971 2729 Crete
993 2657 1117 2737 fuisset,
1141 2664 1173 2724 et

61 2763 146 2831 inter
168 2773 256 2832 astra
277 2773 408 2853 propter
429 2771 538 2835 Iouem
567 2768 771 2835 conlocatam
800 2785 881 2833 esse.
913 2785 1011 2848 quam
1034 2766 1172 2833 Sidonos
1185 2791 1211 2830 20

97 2979 240 3050 ahclyois
259 2985 280 3034 S
306 2980 319 3053 Η
344 2982 444 3038 hehcis
468 2989 490 3036 V
509 2983 521 3054 Η
546 2984 664 3039 Helices
684 2985 698 3034 l
723 2982 737 3053 Η
756 2980 984 3051 Agas-therenis
1002 2979 1058 3052 8·ss
1077 2980 1171 3049 Agas·
1190 2990 1211 3040 s

64 3066 190 3122 therenis
207 3072 231 3121 V
248 3066 261 3139 Η
275 3068 535 3139 Agathosthenest
556 3072 570 3145 Η
589 3072 648 3129 din
661 3070 767 3127 axiaois
779 3073 828 3122 SV
847 3066 861 3139 Η
879 3067 1040 3161 4hydeiss
1060 3066 1074 3139 Η
1093 3067 1175 3138 ydeis

68 3193 92 3242 V
112 3188 126 3260 Η
147 3194 256 3245 cretes
277 3190 290 3261 Η
311 3196 388 3246 creto
406 3198 428 3246 V
447 3192 461 3263 Η
482 3193 612 3249 Cretaei
633 3192 646 3265 Η
666 3195 683 3250 5
700 3197 781 3263 ystoe
794 3196 842 3245 SV
861 3191 873 3263 Η
893 3190 1031 3261 Hystoel
1052 3187 1066 3261 Η
1087 3169 1173 3260 §Ni-

64 3278 209 3331 oostratus
228 3282 249 3331 S
269 3277 283 3350 Η
307 3278 489 3335 Nicostratus
513 3287 536 3334 V
558 3282 570 3352 Η
596 3281 670 3351 quod
689 3280 869 3334 Nicostratus
888 3280 984 3344 scripsi
1010 3274 1024 3347 Η
1047 3278 1064 3332 6
1083 3276 1174 3347 Cyno-

64 3365 355 3436 sura—appellatam
375 3373 464 3430 oapV
489 3367 503 3441 Η
529 3385 615 3439 cynos
634 3371 741 3421 uranS
768 3366 780 3437 Η
810 3380 896 3434 cynos
914 3366 1020 3419 uranS
1046 3362 1060 3435 Η
1087 3365 1174 3419 'lhec

64 3463 153 3519 cynos
170 3468 238 3506 nran
256 3453 310 3507 fnit
329 3458 348 3503 S
370 3451 382 3524 Η
404 3470 568 3526 cynosuram
587 3456 675 3510 fuisse
700 3462 722 3508 V
741 3454 755 3527 Η
774 3452 930 3508 thelchines
950 3455 970 3503 S
991 3451 1004 3522 Η
1024 3450 1174 3505 thelchinis

66 3541 90 3590 V
109 3535 125 3609 Η
145 3538 329 3595 Telchiniisi
350 3539 365 3613 Η
383 3545 401 3600 8
420 3547 598 3618 curreutess
618 3540 631 3614 Η
653 3546 777 3596 curretes
795 3546 817 3594 V
837 3540 850 3610 Η
872 3553 1035 3609 cynosuram
1052 3543 1075 3590 V
1093 3537 1107 3607 Η
1126 3537 1173 3590 he-

61 3623 147 3679 licem
169 3632 191 3680 V
209 3627 223 3699 Η
243 3646 330 3684 annus
350 3646 436 3701 cynos
455 3647 523 3684 uren
541 3634 561 3683 S
581 3628 594 3701 Η
616 3633 760 3685 cretenses
778 3633 827 3682 SV
846 3627 859 3694 Η
880 3624 1025 3682 Cretensis
1043 3628 1139 3692 scripsi
1160 3622 1173 3695 Η

62 3710 348 3771 adonaisama
368 3718 489 3771 donante
509 3721 530 3770 S
556 3714 568 3786 Η
595 3718 628 3771 11
647 3721 776 3787 spanos
802 3713 814 3785 Η
841 3714 931 3768 claras
952 3713 985 3766 .3.
1003 3714 1052 3763 SV
1069 3709 1084 3783 Η
1104 3713 1175 3767 121

61 3800 113 3852 SV
131 3818 155 3854 11
173 3809 327 3871 aruspiscina
339 3824 396 3858 stam
418 3805 430 3876 Η
451 3806 485 3861 13
504 3804 613 3859 al’t’as
633 3803 646 3874 Η
667 3805 696 3857 in
715 3806 798 3858 om.S
818 3801 832 3872 Η
852 3801 887 3856 14
905 3796 1071 3869 quibusdam
1090 3813 1174 3853 uoca-

61 3889 108 3940 tur
127 3890 148 3939 S
169 3884 183 3959 Η
203 3890 279 3946 orbis
300 3907 429 3945 emunera
447 3896 468 3945 s
488 3890 501 3963 Η

99 4042 135 4097 16
154 4045 310 4114 egestionis
332 4048 357 4100 C
382 4044 396 4116 Η
415 4034 539 4115 'agasthe
558 4047 633 4101 renis
655 4044 732 4100 Gadi
758 4043 772 4114 Η
796 4042 985 4113 agasthrrenis
1007 4041 1056 4093 (Nl
1076 4038 1089 4111 Η
1115 4040 1174 4095 suis
1189 4049 1212 4096 (1

61 4146 115 4184 ω..
131 4131 224 4186 (atuor¹
250 4133 262 4205 Η
289 4135 324 4189 17
344 4131 607 4204 quam—condidit
625 4152 675 4185 om.
694 4128 772 4185 sacr
791 4133 896 4184 causac
917 4127 966 4183 ce
986 4125 1000 4201 Η
1026 4131 1060 4186 ra
1077 4128 1130 4182 noc
1150 4129 1174 4181 c

66 4213 82 4287 ΙΙ
104 4219 140 4274 19
161 4219 276 4277 bilicem
296 4225 383 4277 Gom.
398 4220 488 4277 &⁶65¹
501 4224 607 4274 addidit
622 4218 671 4274 (μ’
691 4217 704 4289 ΙΙ

906 4307 924 4362 8
937 4304 952 4338 *
