2948 5010
711 418 945 486 ..100-

277 587 435 655 habitauit
456 588 578 655 Pelium
609 593 764 669 montem,
792 587 875 654 inter
896 587 1041 656 homines
1064 588 1297 672 aequissimus,
1325 610 1395 658 ma·

280 702 379 785 gister
406 698 592 783 Aesculapii
620 705 652 765 et
673 699 807 766 thillis
830 700 1020 782 raramque
1050 719 1170 765 eorum.
1203 700 1296 767 ouius
1320 702 1394 769 hos-

279 811 358 897 pitio
374 808 530 876 Hercules
546 828 623 875 usus
646 830 686 876 ex
707 811 857 895 pharetra
880 809 1013 894 delapsa
1036 810 1153 896 sagitta
1169 809 1322 878 Chironis
1337 833 1395 897 pe·

280 922 352 988 dem
382 918 573 985 uulnerauit.
612 940 675 1001 quo
706 924 820 986 exutus
848 920 1078 986 inmortalitate
1102 921 1160 987 lab
1187 921 1266 987 Ioue
1295 921 1394 989 astris

254 1032 408 1097 rinlatus.
438 1031 472 1095 in
494 1049 591 1095 manu
612 1027 674 1094 fert
697 1028 784 1112 quod
805 1028 960 1096 therion
983 1029 1175 1114 appellatur.
1208 1030 1288 1097 situs
1317 1053 1395 1099 oon-

279 1148 328 1207 tra
349 1162 453 1223 argo.
484 1140 582 1205 habet
608 1139 719 1205 stellas
743 1140 963 1206 Centaurus
994 1140 1027 1204 in
1049 1140 1168 1205 umeris
1191 1140 1339 1223 singulas
1363 1149 1397 1209 et

279 1251 313 1316 in
342 1250 456 1317 oubitis
483 1249 591 1329 binas,
623 1249 657 1313 in
679 1255 807 1333 pectore
829 1273 890 1334 1111,
919 1249 952 1313 in
980 1248 1105 1332 reliquo
1135 1270 1269 1335 oorpore
1291 1275 1329 1332 x,
1359 1252 1397 1318 in

279 1359 415 1447 pedibus
436 1384 469 1439 11,
492 1359 526 1424 in
547 1358 630 1424 uesti
652 1377 719 1439 sex,
743 1359 775 1423 in
797 1359 905 1444 thyrso
922 1383 980 1438 1111,
1003 1359 1156 1425 therion
1178 1360 1216 1426 id
1236 1376 1282 1427 ert
1305 1363 1396 1430 bes-

280 1470 391 1555 tiola,
416 1490 511 1552 quam
533 1475 620 1535 tenet
641 1471 675 1534 in
697 1490 803 1549 manu,
825 1493 856 1555 x,
880 1470 914 1534 in
936 1469 1039 1553 eapite
1059 1492 1089 1551 v,
1112 1470 1215 1555 ipsius
1237 1471 1270 1535 in
1294 1493 1397 1541 manu

245 1610 270 1650 ro
281 1603 315 1645 11.
346 1581 426 1645 fiunt
448 1579 679 1664 quinquaginta
700 1585 775 1647 tres.

315 1740 318 1747 .
366 1691 449 1757 Huio
471 1693 590 1777 primos
613 1690 725 1781 tortus]

365 1803 434 1868 Hoo
463 1802 591 1886 signum
619 1820 785 1867 commune
816 1806 877 1880 est,
906 1798 993 1883 quod
1020 1804 1069 1866 est
1095 1799 1216 1865 faetum
1243 1819 1394 1886 enarges.

279 1913 454 1979 honoratus
477 1919 525 1978 est
546 1918 652 1976 autem
669 1930 808 1976 ooruus
823 1910 864 1976 ab
880 1910 1029 1994 Apolline
1045 1909 1201 1976 sacrificio
1220 1909 1305 1978 laeto
1321 1912 1396 1979 deis

280 2024 426 2109 sponden
449 2021 576 2088 adferre
604 2022 645 2085 de
664 2021 737 2085 lacu
761 2020 914 2104 quodam,
947 2017 1034 2102 quod
1060 2019 1119 2084 luit
1148 2025 1270 2086 eastum
1300 2028 1394 2090 ante

243 2155 376 2217 requam
397 2134 507 2199 uinum
535 2130 763 2196 ostenderetur.
795 2130 850 2213 qui
872 2151 943 2195 oum
965 2128 1099 2196 uidisset
1122 2129 1176 2219 [et]
1201 2129 1245 2196 ad
1266 2130 1393 2200 fontem
1453 2218 1456 2223 Ι

279 2245 358 2310 fieus
373 2263 505 2326 grossos
527 2242 658 2306 arbores
680 2240 835 2307 habentes
850 2241 974 2320 uolans,
998 2240 1143 2305 consedit
1156 2241 1190 2305 in
1205 2241 1262 2321 eis,
1287 2242 1395 2310 donee

279 2361 422 2420 maturae
437 2353 557 2418 fierent.
581 2356 653 2434 post
674 2370 794 2434 pauoos
816 2350 885 2416 dies
906 2355 1033 2434 peraeto
1055 2369 1145 2416 sacro
1164 2348 1218 2437 [et]
1235 2351 1292 2418 ille
1307 2353 1392 2419 fieus

280 2462 427 2529 eomedit.
460 2483 531 2528 oum
554 2460 708 2526 sensisset
731 2480 765 2524 se
787 2479 949 2543 peoeasse,
973 2458 1066 2542 eripit
1088 2479 1128 2524 ex
1149 2480 1187 2526 eo
1209 2461 1298 2528 fonte
1324 2483 1393 2528 an-

279 2592 397 2659 guem.
419 2573 523 2639 attulit
538 2593 610 2638 eum
624 2570 694 2655 ipso
719 2576 867 2635 cratere
883 2569 992 2635 disens
1009 2568 1160 2656 ebibisse,
1183 2571 1272 2654 quod
1293 2570 1394 2639 fuerit

222 2772 231 2785 '
278 2764 293 2818 1
313 2746 501 2833 aequissirirl'
518 2762 532 2835 Η
552 2766 569 2820 2
588 2761 742 2833 aeseolapii
754 2767 777 2813 P
795 2758 808 2831 Η
829 2759 999 2830 aliorumque
1018 2758 1132 2812 heroum
1150 2777 1162 2812 ε
1181 2765 1216 2827 of.
1229 2780 1255 2829 p.
1267 2768 1311 2828 90,
1321 2769 1356 2814 1⁷
1375 2759 1389 2832 Η
1409 2742 1412 2747 ’

277 2886 361 2953 atque
380 2883 495 2936 aliorum
514 2888 678 2936 contererem
698 2887 731 2950 of.
753 2886 855 2950 Ampel.
874 2887 935 2934 119
955 2881 967 2953 Η
994 2879 1123 2952 hospicio
1143 2885 1166 2932 Ρ
1183 2878 1198 2951 Η
1222 2882 1239 2936 3
1257 2858 1391 2952 phineas

277 2973 298 3021 Α
326 2967 346 3039 ΗΞ
363 2969 494 3040 pharetra
511 2969 569 3039 ΡΗ
591 2969 610 3023 4
628 2969 655 3022 in
673 2968 842 3023 mortalitate
863 2975 884 3022 P
907 2969 920 3038 Η
946 2985 999 3039 quo
1018 2969 1094 3022 uita
1112 2971 1212 3022 exutus
1231 2969 1388 3024 inmortali-

275 3059 335 3109 tate
356 3055 503 3110 donatus
524 3061 558 3110 et
576 3056 611 3110 ab
630 3055 698 3109 Ione
718 3056 802 3110 astris
820 3055 1053 3124 inlatussuppleo
1078 3055 1092 3127 Η
1117 3058 1134 3111 6
1152 3057 1181 3109 in
1200 3057 1319 3127 singulis
1338 3057 1389 3112 hu-

198 3172 201 3177 ·
276 3143 359 3197 meris
378 3148 400 3194 Ρ
419 3140 432 3214 Η
458 3144 473 3197 ‘l
494 3143 596 3196 cubitis
616 3143 740 3212 singulas
759 3150 782 3196 Ρ
800 3142 814 3217 Η
833 3147 851 3200 8
868 3143 1024 3198 uestisexin
1043 3145 1064 3192 Α
1085 3140 1099 3213 Η
1118 3147 1199 3197 ueste
1219 3144 1311 3199 erIn
1330 3150 1355 3197 Ρ
1373 3144 1387 3216 Η

275 3230 357 3300 thyso
378 3236 399 3282 Ρ
418 3229 431 3301 Η
452 3230 531 3284 orion
549 3230 660 3285 bestola
681 3235 797 3300 quemA
819 3231 834 3300 Η
853 3231 886 3285 In
904 3230 1027 3284 bestiola
1046 3245 1128 3299 quam
1146 3235 1169 3282 Ρ
1187 3228 1200 3301 Η
1221 3230 1333 3284 therion
1352 3229 1388 3284 id

276 3322 330 3372 est
347 3318 471 3372 bestiola
490 3334 570 3388 quem
589 3322 685 3384 scripsi
705 3317 720 3389 Η
741 3319 774 3374 10
792 3337 844 3371 uun
858 3323 974 3387 quadrat
987 3335 1111 3370 eumerus
1129 3319 1157 3369 io
1170 3323 1267 3371 stelles
1280 3336 1390 3371 eburae-

274 3415 353 3458 rotos
373 3404 387 3477 Η
407 3407 440 3460 11
458 3409 621 3473 praecedam
638 3410 727 3458 Gerar.
740 3424 766 3458 a.
777 3412 876 3474 429sq.
898 3405 911 3476 Η
932 3407 965 3462 12
986 3407 1046 3457 Cat.
1062 3409 1128 3456 XLI
1142 3409 1210 3472 Hyp.
1225 3408 1251 3457 Ρ.
1265 3407 1299 3456 Δ.
1312 3407 1390 3457 1140

274 3499 320 3545 111
327 3501 363 3546 ³9
382 3489 397 3565 Η
421 3493 486 3547 Hoe
506 3493 615 3562 signum
634 3508 777 3547 commune
798 3497 844 3547 est
861 3510 896 3549 ro.
916 3498 997 3562 appui
1016 3510 1095 3544 coreo
1115 3496 1217 3545 crateri
1243 3490 1256 3562 Η
1282 3491 1388 3546 factum

275 3581 348 3634 areis
367 3584 416 3632 ΔΡ
439 3579 453 3651 Η
480 3581 583 3635 factum
603 3595 720 3649 enarges
739 3585 836 3647 scripsi
856 3585 889 3648 cs.
912 3583 972 3633 Gar.
988 3584 1055 3631 xm
1068 3589 1100 3632 18
1120 3578 1175 3634 ἀπὸ
1195 3578 1320 3651 πράξεως
1338 3597 1389 3650 ye-

274 3665 357 3736 γονὰς
375 3652 508 3738 ἔναργόῦς
529 3665 542 3737 Η
563 3666 657 3721 fictum
671 3660 775 3733 ἄκυρον
796 3668 907 3720 Merkel.
929 3665 942 3737 Η
962 3667 1065 3720 fectum
1079 3667 1191 3737 ἐναργές
1210 3685 1223 3720 ε
1242 3664 1256 3737 Η
1277 3666 1387 3722 130111·

272 3757 318 3807 tns
337 3756 472 3809 Martem
493 3752 506 3824 Η
527 3753 643 3825 apollini
655 3758 703 3805 ΑΡ
723 3754 736 3823 Η
758 3753 895 3808 sacrificio
915 3755 991 3808 laeto
1004 3758 1050 3805 ΑΡ
1068 3759 1101 3822 cf.
1115 3755 1210 3806 Pltr'lol.
1224 3758 1296 3806 xm
1303 3760 1360 3807 σοι
1373 3754 1386 3827 Η

274 3857 441 3912 sacrificium
460 3859 567 3913 facturo
587 3858 726 3910 Mariaba
753 3855 766 3927 Η
793 3857 828 3912 de
846 3859 890 3912 his
908 3857 1107 3930 respondenda
1126 3827 1336 3929 (respindanda
1354 3857 1387 3929 Ρ)

272 3950 319 3998 ΑΡ
338 3945 350 4015 Η
372 3943 433 3999 deis
447 3944 574 4015 sponden
587 3948 682 4011 scripsi
703 3941 717 4014 Η
738 3943 799 3999 deis
812 3945 982 4000 reddendam
996 3963 1095 4017 aquam
1109 3948 1248 3999 Mortale
1269 3945 1281 4019 Η
1302 3947 1339 4002 111
1359 3948 1388 4000 et
1411 3958 1415 3965 ·

273 4036 372 4085 deleuit
392 4033 505 4084 Merkel.
538 4029 551 4100 Η
581 4032 614 4085 17
633 4033 738 4084 mature
757 4036 805 4084 ΑΡ
830 4033 844 4103 Η
868 4037 1038 4111 paetosagro
1057 4038 1103 4086 ΔΡ
1126 4033 1140 4105 Η
1165 4037 1282 4104 peraeto
1301 4048 1386 4089 sauro

273 4121 386 4172 Merkel.
408 4116 421 4187 Η
444 4120 474 4170 et
492 4120 591 4170 deleuit
604 4119 716 4170 Meri-el.
738 4117 751 4190 Η
772 4120 806 4175 18
822 4121 946 4192 erepitrl
967 4121 981 4192 Η
1001 4121 1106 4175 iontem
1118 4126 1141 4172 P
1159 4118 1173 4192 Η
1193 4137 1293 4192 equam
1306 4118 1354 4174 ᾹΡ
1371 4118 1385 4193 Η

277 4254 394 4308 agnem
412 4239 523 4291 nerra
545 4235 559 4307 ΗΗ
580 4240 613 4296 ra
635 4206 769 4304 arcanis
791 4239 804 4311 Η
825 4244 966 4300 exerrare
984 4249 1033 4297 rr>
1051 4241 1064 4313 Η
1085 4240 1209 4297 ebibisse
1228 4246 1327 4311 scapo
1347 4243 1363 4314 ΗΗ
