2948 5010
533 447 768 512 —187-

96 618 188 682 lactis
215 617 353 682 colorem
380 616 498 681 habeat
524 621 556 681 et
583 617 666 682 albis
691 616 829 681 nubibus
857 618 1037 702 denotetur,
1068 625 1116 683 cst
1145 620 1242 702 perS

98 726 237 791 medium
260 727 340 792 caeli
356 727 506 791 uerticem
526 748 546 790 a
562 727 777 810 septentrione
801 747 995 810 consurgens
1011 729 1044 791 in
1060 736 1202 809 austrum

97 837 250 902 deuexus.
285 841 428 900 ueterum
456 837 545 900 uaria
575 842 623 901 cst
650 837 790 927 oppinio,
826 836 955 918 quidam
979 838 1062 901 enirn
1084 839 1201 923 dieunt,
1266 902 1270 911 ,

98 947 184 1028 quod
205 946 292 1009 Iouis
314 952 422 1010 natum
444 947 615 1012 Herculem
637 947 752 1010 Iunoni
775 946 944 1011 dormienti
967 947 1147 1030 supposuit,
1170 954 1204 1011 ut

97 1061 224 1139 sugeret
244 1055 294 1119 lac
317 1054 459 1120 diuinum
482 1063 513 1120 et
533 1057 699 1140 proficeret
722 1056 753 1119 ei
775 1056 808 1118 in
830 1056 988 1121 uirtutem.
1022 1059 1107 1139 quod
1130 1079 1201 1122 cunr
1229 1081 1241 1117 5

96 1168 173 1230 Iuno
191 1165 349 1246 euigilans
365 1164 636 1249 deprehendisset,
652 1186 717 1228 non
732 1186 803 1230 csse
820 1187 921 1250 suurn,
938 1167 1094 1231 subtraxit
1108 1188 1204 1231 marn-

99 1296 183 1339 mam
207 1280 238 1340 ct
260 1274 311 1336 lae
335 1294 514 1356 respersum
538 1282 585 1340 est
607 1296 667 1359 per
690 1276 822 1338 caelum.
847 1274 975 1358 quidanr
992 1295 1069 1341 uero
1086 1277 1203 1362 dicunt,

100 1405 158 1469 pcr
181 1386 348 1449 Saturnum
373 1386 491 1450 sactum
514 1406 584 1448 cum
607 1385 685 1467 Opis
707 1384 845 1467 lapidem
869 1407 926 1468 pro
949 1387 1028 1451 Ioue
1050 1388 1155 1451 attulit
1177 1389 1206 1452 ei

100 1493 222 1572 dicens,
243 1495 308 1561 hoe
330 1517 401 1561 esse
418 1495 504 1577 quod
518 1495 705 1579 peperisset.
730 1495 805 1576 quia
827 1495 868 1559 ob
883 1501 1031 1560 naturam
1049 1497 1205 1563 Saturnus

100 1624 164 1667 non
188 1605 339 1691 crederet,
362 1627 432 1671 eam
457 1606 629 1688 peperisse,
654 1603 836 1668 mammillis
852 1604 943 1669 elatis
963 1607 1159 1688 expressisse
1175 1614 1206 1671 et
1220 1631 1244 1669 ιο

101 1714 278 1779 ostendisse
293 1716 342 1779 lac
362 1716 486 1779 iratam.
511 1715 644 1805 effusum
668 1719 718 1777 est
734 1720 764 1776 et
779 1713 887 1777 circuli
904 1715 969 1776 albi
985 1717 1107 1798 specics
1122 1717 1207 1781 facta

100 1828 157 1886 est.
193 1824 321 1904 quidam
351 1830 456 1888 autern
484 1824 591 1887 uerius
620 1823 740 1900 dicunt,
772 1823 858 1904 qrrod
880 1823 924 1887 ibi
946 1823 1119 1906 iunguntur
1142 1827 1205 1890 duo

101 1932 183 1996 caeli
206 1933 456 2017 hemisphaeria,
480 1933 624 1998 nonnulli
646 1953 723 1997 uero
747 1933 856 1998 stellas
879 1932 989 1996 dicunt
1010 1955 1081 2000 osse
1105 1936 1206 2000 minu-

100 2041 255 2120 tissimas,
284 2063 366 2123 quiae
390 2064 446 2125 pro
470 2042 520 2107 sui
542 2043 698 2125 paruitate
726 2064 790 2105 non
817 2048 949 2125 possunt
971 2044 1118 2114 discerni.
1152 2047 1206 2111 alii

101 2156 230 2215 econtra
251 2152 369 2228 dicunt,
393 2151 512 2216 idcirco
535 2151 753 2217 candidiorem
776 2152 854 2235 lieri,
877 2173 914 2216 co
939 2154 1025 2234 quod
1044 2155 1121 2219 solis
1137 2177 1206 2221 our·
1220 2178 1244 2215 rs

100 2278 169 2322 sum
190 2280 247 2342 per
269 2281 341 2325 eum
364 2262 432 2326 fieri
454 2261 656 2326 arbitrentur.
680 2280 763 2343 quae
786 2262 947 2344 oppinatio
973 2262 1020 2348 [in
1043 2263 1101 2350 col
1125 2265 1206 2330 falsa

101 2388 172 2434 csse
195 2370 408 2449 conuincitur,
440 2371 591 2452 quoniam
618 2392 681 2435 non
708 2371 741 2434 in
772 2391 809 2434 co
840 2370 916 2436 solis
945 2391 1055 2436 cursus
1078 2388 1122 2438 est
1146 2373 1208 2437 nisi

25 2500 33 2515 ·
100 2478 134 2542 in
156 2498 195 2543 ea
218 2486 315 2563 parte,
340 2500 405 2562 qua
428 2502 448 2546 a
471 2480 625 2562 signifero
649 2479 848 2563 contingitur.
884 2482 938 2562 qui
960 2480 1111 2546 uidelicet
1132 2483 1207 2545 dum

63 2674 67 2680 Ι
100 2590 172 2672 sint,
184 2589 308 2672 utrique
331 2591 460 2672 oblique
483 2597 514 2654 et
528 2589 708 2655 alternatim
731 2590 866 2654 inuicem
890 2590 952 2654 sibi
972 2611 1074 2673 paene
1091 2611 1130 2657 ex
1153 2592 1208 2655 ad-

99 2719 193 2764 uerso
216 2699 421 2780 conueniant,
449 2700 482 2763 in
505 2700 628 2765 aestiuo
651 2701 769 2764 circulo
791 2699 824 2762 in
846 2699 995 2781 geminis,
1023 2700 1056 2763 in
1078 2662 1207 2765 hiemali
1220 2725 1246 2763 ao

99 2809 132 2872 in
155 2808 320 2891 sagittario
342 2815 450 2875 tamen
472 2830 507 2874 se
530 2808 725 2890 contingant.

187 2919 331 3000 Aurigae
353 2918 571 3005 plantamque]

186 3027 344 3094 Zodiaous
360 3028 414 3093 uel
437 3028 568 3110 signifer
591 3033 640 3093 est
661 3027 797 3092 circulus
820 3026 989 3091 duodecim
1012 3027 1112 3109 signis
1135 3049 1209 3093 con-

102 3146 200 3222 stans,
222 3139 320 3204 idest
339 3138 438 3203 ariete
459 3144 550 3202 tauro
572 3136 708 3221 geminis
731 3156 846 3200 cancro
868 3136 962 3201 leone
978 3137 1104 3219 uirgine
1128 3137 1209 3201 libra

99 3249 267 3333 scorpione
289 3247 456 3331 sagittario
480 3246 666 3330 capricorno
688 3245 821 3327 aquario
844 3245 996 3329 piscibus.
1017 3239 1133 3311 libram
1156 3269 1208 3311 au·
1222 3277 1247 3315 2⁵

98 3364 163 3423 tcrn
187 3358 319 3422 Caldaei
341 3357 449 3421 dieunt
471 3377 536 3421 nou
559 3377 629 3421 esse
653 3355 868 3438 principaliter
891 3356 1030 3440 signum,
1058 3356 1115 3420 sed
1138 3377 1209 3438 par-

101 3471 261 3543 temesae
284 3467 470 3549 scorpionis.
498 3465 647 3558 Aegyptii
669 3483 757 3543 uero,
781 3465 835 3547 qui
857 3465 917 3530 hac
940 3465 1073 3530 scientia
1096 3465 1209 3529 ceteris

101 3577 251 3658 gentibus
274 3576 421 3652 eminent,
446 3596 517 3640 eam
532 3573 749 3658 principaliter
772 3595 829 3658 pro
853 3576 945 3659 signo
969 3573 1139 3656 accipiunt.
1162 3578 1210 3638 cst

137 3748 214 3803 3Vi
227 3749 337 3802 uarias
358 3747 370 3817 Η
391 3752 515 3801 ueterum
533 3748 611 3800 uaria
628 3749 724 3813 scripsi
746 3745 758 3815 Η
778 3748 794 3802 5
808 3750 972 3815 suggeretS
987 3745 999 3815 Η
1014 3749 1030 3801 9
1045 3746 1098 3812 Qui
1111 3747 1147 3799 ob
1160 3751 1181 3799 S
1196 3746 1210 3817 Η
1229 3748 1249 3796 S

99 3836 132 3889 11
152 3834 196 3888 lac
215 3835 283 3888 rniro
303 3839 323 3886 S
343 3833 356 3906 Η
376 3835 421 3888 lac
440 3835 538 3888 iratam
558 3838 654 3901 scripsi
674 3852 709 3886 aar
727 3835 1047 3903 s‹·lrol.Busil.p.104‚e
1068 3835 1080 3903 Η
1102 3835 1210 3904 spolies

98 3959 119 4007 S
140 3953 153 4024 Η
174 3957 208 4010 13
227 3956 377 4026 emispias
399 3955 412 4025 Η
433 3957 468 4011 16
486 3956 514 4009 in
534 3972 568 4010 co
582 3960 668 4009 delam·
690 3954 703 4024 Η
724 3957 757 4011 17
777 3959 821 4009 eet
834 3959 927 4008 ‹uldr'ui
943 3975 978 4009 eu
993 3955 1097 4010 Gdadl
1117 3955 1131 4025 Η
1152 3973 1169 4008 n
1182 3956 1210 4008 in

99 4079 120 4128 s
141 4076 154 4146 ΗΗ
175 4077 209 4131 19
228 4078 299 4147 urq;
319 4081 339 4128 s
360 4075 503 4146 putrique
526 4080 550 4131 o
571 4077 583 4148 Η
604 4081 734 4148 poenes
755 4074 768 4146 Η
793 4079 828 4134 ao
846 4057 964 4133 urenmt
985 4085 1004 4132 s
1025 4077 1039 4148 ΗΗ
1059 4080 1093 4133 21
1113 4076 1207 4145 sagrp.

98 4165 170 4217 tario
191 4171 210 4213 S
231 4163 244 4235 Η
264 4167 299 4218 22
320 4169 408 4217 Gor-ru.
422 4171 562 4217 462—531
582 4170 602 4217 S
624 4162 638 4233 Η
658 4166 692 4219 23
711 4165 820 4219 c⁹stans
841 4178 864 4235 Η·
885 4168 969 4220 arieto
988 4172 1008 4219 S
1029 4165 1042 4236 Η
1062 4166 1097 4220 25
1117 4163 1207 4233 capri·

46 4277 49 4281 ν
79 4248 194 4305 'cornio
214 4257 235 4303 S
256 4250 270 4322 Η
289 4253 324 4307 26
342 4251 434 4306 culdei
452 4255 472 4303 S
493 4251 507 4322 Η
526 4253 559 4307 27
571 4252 688 4330 ,Εςὶρείἱ
708 4256 728 4303 S
749 4252 761 4322 Η
