2948 5010
728 483 764 496 ·-
811 467 975 512 xvm-

293 648 324 690 u.
339 629 409 693 147.
432 643 545 688 uersus
563 619 804 686 contaminatus.
833 619 949 684 Auiani
972 640 1002 682 5.
1016 621 1087 685 384.
1105 621 1294 686 aas—390.
1324 613 1405 679 Ger·

293 744 409 808 manici
425 764 456 805 u.
472 745 541 808 149.
559 742 735 807 150-156.
753 741 932 805 all—266.
946 741 1019 804 268.
1032 739 1211 803 aio—285.
1225 738 1403 802 387—393.

295 865 473 928 315-390.
487 861 666 926 asc—299.
680 860 858 923 301-314,
872 859 1051 922 391-332,
1068 859 1140 922 341.
1166 853 1281 918 Auicni
1295 873 1325 916 u.
1335 856 1406 918 749.

295 981 401 1046 cerm.
420 956 492 1046 55.
521 976 636 1041 suren.
657 978 728 1041 ur.
743 979 813 1042 55.
828 979 899 1042 rao.
931 973 1036 1037 serm.
1062 993 1092 1036 u.
1104 976 1282 1040 aaa-arc.
1301 974 1406 1038 55-

296 1102 560 1167 386.446-464.
585 1091 931 1176 uersusinterpclatus.
954 1095 1134 1160 465-472.
1158 1092 1222 1156 duo
1235 1109 1347 1154 uersus
1360 1088 1406 1152 in-

296 1217 453 1301 terpolati.
476 1218 656 1283 473-554.
677 1216 857 1280 556-567.
875 1216 1054 1280 nra-das.
1078 1209 1190 1294 fragm.
1206 1210 1236 1272 Π
1250 1229 1281 1272 5.
1294 1211 1405 1274 1—12.

299 1339 443 1403 15-23
470 1332 584 1414 fragm.
605 1333 619 1395 l
639 1353 669 1394 u.
685 1335 831 1399 40-55.
861 1330 976 1395 Auieni
993 1329 1193 1414 Prognostic.
1216 1331 1406 1396 415-436.

296 1442 369 1520 443
383 1458 456 1520 444.
468 1457 542 1520 447.
555 1456 627 1520 544.
639 1455 711 1518 551.
721 1452 792 1516 552.
818 1457 978 1532 postremo
994 1469 1108 1514 uersus
1124 1448 1318 1513 christianus
1334 1447 1408 1510 5515

290 1571 399 1658 fideres
421 1610 456 1643 aa
480 1571 603 1638 5755555
627 1572 748 1637 Christi
772 1572 902 1635 5551555
930 1594 1043 1635 amore.
1081 1568 1235 1632 asterisco
1262 1584 1407 1632 rasuram

302 1689 503 1771 singularum
524 1690 699 1754 litterarum
723 1688 840 1752 notaui.

255 1836 276 1897 9
385 1814 414 1876 5.
449 1809 546 1873 codem
570 1807 750 1889 Lcr'dcasr's,
775 1806 848 1868 olim
873 1807 1037 1888 saciacus,
1062 1805 1207 1885 signatus
1229 1803 1406 1870 Vossianus

298 1927 431 1991 Latinus
457 1926 494 2002 Q.
518 1930 567 1994 79.
596 1926 630 1989 15
659 1924 806 2006 catalogo
834 1923 987 1988 librorum
1015 1923 1230 1989 bibliothecae
1259 1922 1406 2006 publicae

299 2045 515 2109 uniuersitatis
540 2043 814 2124 bugd-Baianae
843 2063 925 2107 anno
952 2047 1033 2109 1716
1061 2041 1210 2125 Lugduni
1238 2040 1324 2125 apud
1345 2041 1407 2104 Ba-

298 2169 390 2228 tauos
415 2161 501 2227 edito
524 2183 554 2246 p.
567 2167 629 2229 383
654 2161 747 2226 cola
769 2160 813 2224 ita
835 2160 1039 2226 describitur:
1063 2155 1205 2239 ‘Aratea
1230 2180 1301 2224 cum
1328 2160 1407 2239 figu-

299 2283 343 2346 ris
365 2281 596 2364 pulcherrimis,
620 2287 651 2346 et
672 2280 867 2358 illuminatis,
891 2281 1078 2363 majusculis
1097 2280 1218 2343 litteris.
1243 2277 1327 2343 Olim
1341 2278 1405 2343 Iac.

299 2400 392 2482 Susii,
418 2400 472 2482 qui
488 2400 564 2463 emit
580 2398 727 2463 Gandavi
744 2421 936 2475 crcrouxxrn,
959 2417 1069 2462 mense
1085 2398 1211 2463 Ianuar.
1234 2397 1313 2462 Post
1328 2396 1407 2476 figu-

298 2537 352 2581 ras
375 2522 423 2581 est
445 2537 586 2595 carmen,
614 2517 782 2600 incipiens,
806 2516 1023 2584 SIGNORVM
1046 2515 1209 2580 PARTES
1231 2511 1407 2592 QVORVM

166 2700 169 2706 .
299 2634 541 2701 PRAEDICTA
564 2637 731 2702 FIGVRA.
754 2638 847 2716 Finit,
870 2638 961 2702 Vale.
983 2638 1104 2701 Fidens
1118 2637 1151 2699 15
1165 2634 1304 2700 Domino
1320 2631 1407 2696 Obri-

299 2753 340 2817 sti
361 2755 493 2818 vestitus
516 2773 633 2819 amore.
666 2756 703 2818 ln
718 2750 1101 2820 555155515511551553
1126 2753 1248 2820 scholia
1266 2773 1339 2838 non,
1354 2752 1406 2815 ha-

297 2873 361 2951 bet,
385 2873 434 2938 bis
457 2879 565 2938 autem
586 2873 719 2955 praebet
734 2893 860 2938 carmen
876 2880 907 2939 51
922 2874 1100 2946 uncialibus
1121 2874 1234 2938 litteris
1257 2871 1406 2954 scriptum

299 2997 330 3054 et
352 2989 605 3073 monachalibus,
630 2996 664 3054 51
685 2991 729 3055 ait
744 2992 873 3057 Grotius
889 2993 1055 3076 Syntagm.
1074 2994 1161 3058 Arat.
1185 3011 1259 3075 pag.
1276 2995 1296 3055 2
1319 2995 1406 3053 nota-

299 3130 378 3187 rum,
402 3128 496 3190 quem
513 3127 550 3173 55
567 3129 658 3173 5555
675 3127 745 3174 5555
761 3117 894 3176 constat.
919 3112 971 3192 qui
990 3112 1093 3176 codex
1107 3117 1142 3174 ut
1156 3110 1234 3174 mibi
1248 3109 1406 3191 Lugduno

298 3229 493 3291 Batauorum
516 3226 550 3289 in
572 3227 655 3291 hanc
679 3228 790 3293 urbem
817 3230 992 3295 mitteretur
1014 3230 1209 3310 suffragante
1231 3227 1405 3292 ministerio

298 3345 388 3426 regio
411 3350 517 3409 tamen
540 3364 605 3408 non
627 3345 805 3427 impetraui.
836 3369 907 3414 cum
929 3369 1006 3413 uero
1031 3348 1072 3412 ab
1096 3346 1230 3425 Orellic,
1260 3347 1315 3429 qui
1338 3347 1406 3430 qui-

299 3462 371 3527 dem
395 3483 465 3528 555
489 3485 554 3529 555
575 3464 704 3543 uiderit,
728 3466 971 3549 antiquissimus
992 3467 1210 3552 praedicetur,
1234 3487 1255 3530 a
1277 3466 1405 3531 Kieblio

190 3651 192 3654 y
298 3574 496 3647 inextrcma
526 3583 664 3665 epistula
692 3587 800 3651 critica
831 3586 1044 3673 [Mnemosyn.
1065 3587 1096 3652 11
1121 3591 1202 3656 1853
1222 3609 1252 3671 p.
1267 3584 1403 3672 89555]

297 3699 447 3764 minimae
469 3703 666 3768 auctoritatis
690 3704 790 3769 codex
812 3706 1006 3783 nominatur,
1034 3704 1117 3770 haec
1139 3703 1298 3770 adiciente
1316 3700 1405 3769 ‘dum

298 3816 381 3881 eum
406 3818 512 3882 omna
536 3819 567 3905 p.
585 3841 613 3886 e.
631 3823 780 3887 carminis
802 3804 981 3888 555555
1003 3823 1118 3889 saeris
1142 3823 1261 3909 sarpa]
1285 3823 1405 3887 saecun

298 3935 424 4018 septimi
447 3939 570 4002 sextius
592 3939 764 4020 imaginem
786 3941 971 4008 fidelissime
992 3942 1144 4020 referant,
1168 3961 1302 4024 quorum
1324 3940 1405 4005 litte-

297 4072 354 4116 rae
376 4055 519 4119 unciales
542 4057 667 4121 scribae
695 4066 804 4123 555551
831 4060 1030 4139 notissimae,
1058 4081 1124 4125 una
1151 4058 1318 4143 planetarii
1341 4059 1405 4124 cffi-

297 4161 367 4251 gies
390 4171 512 4252 aliquot
534 4173 632 4239 habet
654 4175 867 4256 minusculas,
896 4200 913 4244 e
942 4179 1057 4261 quibus
1080 4177 1211 4242 Geelius
1238 4179 1405 4261 protractis

296 4307 361 4353 una
383 4293 538 4356 etaltera
559 4291 684 4358 formae
706 4300 781 4363 ante
805 4317 924 4362 nonum
946 4297 1108 4364 saeculum
1134 4296 1318 4379 incognitae
1339 4316 1405 4361 ma·
