2948 5010
600 384 943 462 --109-¹

158 568 302 636 membra
324 565 419 654 hydri
441 568 544 633 cauda
566 572 597 632 et
619 586 743 633 coruus.
772 566 815 632 ad
837 583 946 647 genua
966 563 1101 650 uirginis
1123 586 1203 633 urna
1225 572 1272 633 est

159 678 274 763 posita.
299 698 318 742 a
341 676 478 742 sinistris
494 676 631 756 Orionis,
656 676 711 758 qui
733 682 764 742 et
785 675 896 760 iugula
918 675 1044 758 dicitur,
1066 674 1193 756 fluuius,
1217 677 1272 761 qui

162 795 194 855 et
214 788 375 854 Eridanus
396 807 457 852 uec
477 807 541 855 non
565 792 597 853 et
617 786 735 851 Padus.
754 785 818 866 'sub
841 783 978 869 pedibus
1002 784 1129 851 Orionis
1153 785 1219 874 [qui
1242 793 1273 853 et

159 897 271 982 iugula
293 895 418 983 dicitur]
441 895 543 980 lepus,
567 895 770 980 splendidam
792 894 936 979 iugulem
958 892 1086 977 fugiens
1109 896 1271 980 aspicitur.

160 1008 308 1076 retrorsis
335 1028 414 1074 uero
443 1006 581 1092 pedibus
610 1007 678 1072 eius
707 1006 795 1071 canis
817 1003 943 1088 fulgida
965 1004 1058 1070 stella
1078 1006 1270 1091 resplendet.
1299 1027 1310 1063 ε

161 1123 235 1204 post
257 1118 347 1184 cuius
369 1117 505 1182 caudam
527 1115 619 1181 nauis
635 1117 807 1181 constituta
829 1122 886 1180 est.
910 1112 954 1179 ad
968 1117 1052 1180 tauri
1072 1117 1187 1200 pedem
1201 1137 1273 1201 pro-

161 1228 264 1295 tendit
286 1224 399 1293 manus
415 1225 523 1310 Orion,
546 1223 683 1309 pedibus
706 1225 842 1308 geminis
858 1224 1094 1309 appropinquat
1108 1225 1272 1292 anticanis.

161 1358 259 1423 super
285 1335 390 1422 capud
418 1336 526 1401 arietis
548 1357 613 1402 non
635 1336 732 1417 longe
755 1336 795 1401 ab
818 1334 1041 1401 Andromedae
1062 1336 1198 1419 pedibus
1220 1336 1274 1400 tri-

161 1447 300 1533 angulus
328 1448 451 1532 positus
474 1451 531 1511 est.
563 1445 621 1511 sub
650 1445 749 1510 ariete
779 1450 812 1510 et
837 1445 979 1529 piscibus
1008 1454 1109 1530 cetus,
1139 1446 1272 1511 conexio

160 1579 238 1625 uero
259 1559 396 1643 piscium
419 1575 618 1622 communem
638 1553 736 1620 habet
756 1555 890 1622 stellam.
1286 1576 1310 1616 ιο

247 1668 297 1734 Ab
320 1668 399 1734 Ioue
420 1664 623 1752 principium]

248 1777 418 1856 Quaeritur
441 1796 541 1858 quare
569 1775 690 1840 anue
720 1777 826 1860 coepit
852 1782 884 1845 et
903 1798 968 1844 non
991 1799 1010 1843 a
1032 1778 1131 1844 Musis
1153 1785 1188 1845 ut
1209 1780 1272 1844 Ho-

163 1876 293 1967 merus?
322 1885 517 1954 conueniens
540 1887 642 1971 magis
664 1887 725 1954 hoc
747 1887 941 1954 existimauit
962 1888 1153 1974 principium
1176 1889 1273 1974 phae-

161 1999 317 2078 nomenis,
340 1998 386 2062 uti
406 1998 518 2064 Iouem
539 1997 711 2076 inuocaret,
737 1999 887 2080 quoniam
909 2003 940 2064 et
962 2000 1102 2084 ipsarum
1117 2000 1272 2066 Camena-

161 2130 232 2175 rum
255 2114 303 2174 est
324 2108 415 2190 origo
437 2108 565 2191 Iupiter.
587 2128 652 2172 non
676 2107 763 2173 solus
786 2114 890 2199 autem
912 2110 957 2174 ita
980 2110 1124 2193 coepisse
1145 2109 1273 2174 uidetur
1287 2128 1310 2167 ιε

163 2222 289 2305 Aratus,
313 2219 371 2285 sed
395 2224 426 2283 et
448 2217 559 2283 Crates
583 2217 722 2283 comicus
744 2238 764 2281 a
786 2216 887 2284 Vesta
906 2218 1064 2303 incipieus
1086 2221 1133 2284 eu
1156 2219 1274 2304 profari

163 2331 305 2397 carmina
322 2335 353 2395 et
367 2327 516 2412 Sophron
538 2329 571 2392 in
593 2327 689 2394 mimo
713 2327 767 2409 qui
789 2329 919 2394 nuntius
933 2329 1114 2395 inscribitur
1131 2328 1162 2416 [a
1175 2329 1274 2395 Vesta

161 2439 330 2528 incipiens]
349 2433 475 2504 ‘omnes
490 2438 617 2517 inuocO,
631 2438 741 2502 Iouem
758 2438 898 2503 omnium
912 2432 1107 2523 principem.³
1129 2445 1161 2505 et
1178 2459 1272 2523 quae-

161 2549 241 2615 ritur
275 2551 365 2616 cuius
387 2549 473 2614 Iouis
501 2547 679 2613 meminerit
707 2554 853 2613 utrumne
882 2549 1019 2615 fabulosi
1043 2571 1085 2615 an
1106 2549 1271 2616 naturahs.

163 2665 194 2725 et
215 2658 399 2744 philosophi
421 2657 549 2742 quidem
571 2656 700 2741 plurimi
721 2659 876 2724 naturalis
898 2660 988 2725 aiunt
1010 2680 1082 2724 eum
1097 2659 1185 2724 Iouis
1207 2677 1311 2724 me-ro

163 2768 304 2835 minisse.
341 2767 488 2834 Socrates
517 2772 620 2831 autem
643 2768 751 2833 Iouem
780 2767 897 2833 dictum
926 2770 1063 2848 caelum,
1090 2770 1272 2833 inoccatum

162 3079 178 3133 1
197 3077 344 3131 menbras
365 3075 379 3148 Η
396 3076 464 3147 ydre
483 3083 504 3130 7
523 3075 537 3148 Η
556 3051 639 3148 ydis
659 3075 672 3145 Η
692 3077 714 3133 2,
727 3076 819 3130 incolo
832 3080 882 3129 87
901 3074 913 3149 Η
933 3076 1030 3131 Incola
1046 3078 1235 3131 ostracinen.
1256 3077 1271 3150 Η

161 3163 257 3234 iugula
268 3167 364 3230 scripsi
385 3164 399 3236 Η
420 3164 522 3219 dicitur
535 3168 627 3218 odriidi
648 3162 661 3234 Η
680 3163 909 3230 3herediannsS
928 3163 941 3235 Η
963 3165 1010 3234 qui
1024 3168 1053 3218 et
1065 3164 1159 3234 iugula
1168 3164 1271 3231 (incolo

162 3253 224 3321 87)
238 3251 340 3305 dicitur
353 3249 459 3306 deleuit
471 3253 584 3306 schoah.
601 3248 615 3321 Η
628 3251 647 3305 4
659 3249 808 3321 splendida
821 3251 913 3320 effigie
927 3252 1099 3323 conspicitur
1117 3257 1139 3304 V
1157 3250 1171 3323 Η
1190 3251 1270 3321 figies
1297 3274 1300 3279 ·

161 3343 183 3392 S
202 3337 216 3410 Η
237 3339 347 3409 fugiens
359 3343 456 3407 scripsi
470 3357 505 3392 em
518 3343 573 3393 eorl.
587 3342 813 3405 Siropermoaeusi
834 3337 848 3410 Η
867 3341 884 3395 5
902 3340 1065 3394 Retrorsum
1083 3344 1105 3391 V
1123 3339 1137 3412 Η
1158 3339 1271 3411 spedi-

160 3430 214 3485 bus
238 3435 261 3485 7
284 3431 296 3501 Η
326 3429 474 3502 splendida
493 3426 576 3483 stella
593 3427 714 3495 refulget
736 3432 759 3481 7
781 3425 796 3498 Η
821 3428 963 3482 lmannm
987 3434 1010 3481 V
1033 3428 1045 3499 Η
1072 3428 1196 3481 antican⁹
1215 3431 1235 3479 8
1256 3426 1269 3497 Η

161 3520 283 3589 Scaput
305 3525 327 3572 V
351 3517 364 3590 Η
389 3518 513 3588 ldgpeS
539 3515 551 3584 Η
577 3517 593 3571 9
614 3514 750 3568 connexio
770 3518 819 3568 87
845 3515 858 3588 Η
889 3518 924 3572 10
941 3519 1060 3569 οοῦηι8
1085 3512 1098 3584 Η
1128 3529 1270 3567 comunem

167 3608 190 3657 V
210 3601 224 3675 Η
244 3588 276 3659 ll
298 3609 387 3658 Germ.
410 3612 495 3656 1-10
514 3606 562 3655 SV
582 3600 604 3673 Η”
615 3603 649 3657 12
669 3603 800 3669 Querltur
818 3608 895 3656 Hsr
914 3601 928 3674 Η
949 3607 1019 3674 (pis
1041 3601 1054 3674 Η
1075 3601 1109 3656 ab
1133 3598 1186 3673 7Η
1207 3617 1271 3656 coe·
1292 3605 1301 3611 ”

162 3689 237 3760 perit
255 3696 285 3742 Π
302 3688 315 3762 Η
336 3692 413 3762 cepit
431 3696 452 3745 8
473 3690 486 3762 Η
507 3690 583 3761 cepit
606 3695 628 3742 V
647 3688 660 3760 Η
680 3690 977 3744 Homeroconueniens
996 3693 1051 3741 HV
1070 3686 1083 3759 Η
1103 3688 1137 3743 13
1156 3688 1271 3742 extima-

161 3778 204 3831 uit
223 3785 252 3831 11
270 3775 284 3849 Η
305 3765 446 3833 estimauit
470 3784 491 3831 7
517 3777 529 3850 Η
554 3777 755 3848 phoenomenis
774 3785 802 3830 11
825 3776 838 3849 Η
863 3777 1045 3848 phenomenis
1064 3778 1113 3828 SV
1134 3773 1149 3844 Η
1174 3777 1209 3831 14
1226 3774 1271 3846 qr'ir

161 3863 226 3946 εΗ
254 3866 377 3936 ipsorum
397 3866 546 3921 carminum
564 3869 620 3917 HV
649 3863 662 3935 Η
692 3866 814 3936 ipsarum
833 3865 1022 3919 carminums
1051 3860 1065 3934 Η
1097 3878 1270 3918 camenarum

160 3940 287 4020 morsos
307 3952 320 4024 Η
341 3954 375 4009 15
393 3952 520 4023 Iuppiter
538 3956 569 4003 Π
587 3951 599 4019 Η
621 3952 732 4022 cepisse
746 3956 793 4006 87
811 3951 824 4024 Η
846 3954 879 4008 17
899 3952 1027 4022 Sophron
1046 3951 1101 4004 imo
1120 3958 1151 4005 Π
1167 3949 1181 4023 Η
1200 3967 1268 4004 nun-

161 4039 222 4094 cius
241 4044 263 4093 7
277 4036 289 4110 Η
304 4041 338 4097 18
350 4041 483 4093 innocent
495 4041 550 4089 Π7
568 4035 582 4108 Η
604 4039 727 4108 queritur
739 4044 815 4093 1187
835 4040 849 4110 Η
869 4042 1004 4096 rounam
1017 4043 1086 4095 nes
1106 4036 1118 4109 Η
1139 4038 1175 4095 20
1186 4035 1269 4090 fidem

159 4125 272 4196 plurimi
291 4132 321 4180 11
338 4126 350 4197 Η
371 4127 496 4199 pluribus
516 4125 690 4179 naturalibus
708 4129 730 4179 8
749 4126 763 4196 Η
783 4129 816 4183 21
831 4126 889 4182 Sed
903 4126 1002 4182 Grates
1015 4126 1056 4180 ait
1068 4123 1124 4179 117
1144 4121 1157 4195 Η
1177 4124 1269 4177 ionem
1372 4174 1376 4179 .

160 4200 245 4268 (1118
266 4213 279 4287 Η
300 4214 389 4272 celum
407 4218 484 4269 1187
502 4213 515 4284 Η
