2948 5010
121 541 325 626 ἇνατολικάς
358 547 461 635 χηλὰς
500 547 564 615 ἐπὶ·
595 553 656 616 τοῦ
698 565 743 617 tes
759 577 854 639 τειραν
869 556 1136 654 aequinoctialem,
1152 562 1230 624 occi-

123 661 331 750 ίοημερινοῦ,
378 666 512 734 inienio
550 663 652 756 κριόν,
698 670 851 737 dentatam
864 676 1001 756 arietem,
1018 674 1166 742 draconis
1179 701 1229 742 ca-

122 778 302 868 δράκοντος
325 784 474 872 κεφαλήν
497 780 581 870 πρὸς
606 787 653 871 τῷ
693 803 754 874 pnt
776 790 921 855 deorsam
947 793 982 855 in
1008 791 1046 856 id
1067 793 1152 878 qnod
1172 807 1230 859 ter-

123 895 284 987 ὁρίζοντι·
315 902 506 990 περιέχεται
528 903 566 969 δὲ
587 897 656 969 ὑπὸ
700 909 810 972 minat.
832 910 906 995 epea
925 932 1047 995 qnoque
1061 910 1231 976 secundnm

122 1023 184 1087 τοῦ
199 1015 378 1109 ὁρίζοντος.
400 1016 476 1088 r‘os*
496 1020 580 1088 κατὰ
595 1020 654 1109 τήν
697 1028 914 1092 narrationem
940 1029 1058 1114 positio
1092 1027 1138 1093 eie·
1163 1031 1231 1115 qni-

122 1135 274 1227 ἐξήγησιν
293 1142 359 1204 τῶν
376 1135 519 1225 Ἀράτου
535 1164 655 1228 φαινο-
699 1145 756 1208 bno
778 1144 878 1209 Arati
900 1144 1050 1210 uidentur
1077 1146 1151 1211 talis
1177 1160 1230 1230 est,

120 1255 312 1339 nivariam
325 1253 465 1344 τοιαύτη
478 1254 658 1340 Aristan
701 1261 786 1347 qnod
813 1263 923 1326 tabeat
943 1261 1045 1328 medio
1071 1265 1157 1329 caeto
1179 1289 1230 1329 ca-

119 1379 391 1462 μεσονρανοῦντα
410 1372 589 1466 αἰγόκερων
601 1375 660 1445 ἐπὶ
698 1380 896 1466 pricornimm
929 1403 1024 1466 caper
1058 1382 1231 1468 hyemalem

117 1497 179 1559 τοῦ
191 1498 379 1580 χειμερινοῦ
393 1500 564 1582 τροπικοῦ,
578 1493 655 1564 ἆνα-
698 1499 900 1581 εοῖτειίίιλινη,·
930 1498 1112 1563 orientalem
1148 1501 1229 1563 arie-

119 1610 253 1677 τολικὸν
275 1612 367 1698 κριὸν
388 1612 445 1701 ἐντί
465 1619 525 1680 τοῦ
540 1611 652 1702 ioppe·
696 1631 756 1682 tem
776 1641 871 1701 snper
891 1617 1159 1702 aequinoctialem,
1180 1641 1228 1682 oc·

120 1734 225 1819 ρινοῦ,
242 1730 377 1811 imonis
389 1729 500 1817 χηλάς,
517 1729 654 1818 δράκον-
701 1702 870 1800 cicientoies
899 1735 1037 1820 priapos,
1082 1733 1231 1800 draconis

120 1875 178 1928 τος
210 1849 360 1937 κεφαλὴν
393 1843 462 1917 Ara
493 1853 579 1938 πρὸς
607 1855 654 1938 τῷ
697 1853 805 1939 capud
823 1877 950 1918 sursum
968 1852 1058 1938 opad
1078 1854 1230 1919 arctiorem

120 1961 273 2052 ὁρίζοντι,
298 1965 387 2035 ὅπου
695 1972 754 2036 nbi

183 2084 358 2169 μίσγονται
390 2084 506 2166 δύσιές
531 2112 568 2153 τε
596 2088 652 2154 καί
758 2092 928 2155 miscentur
960 2113 1072 2154 occasa
1110 2092 1170 2155 erit
1200 2102 1229 2153 et

120 2197 262 2273 οἷντολαί
283 2202 476 2294 ἀλλήλῃσιν.
696 2210 825 2272 orientis
848 2209 1003 2272 alterutri.

204 2327 353 2409 Denique
369 2326 496 2392 silentio
511 2325 777 2410 praetereundum
792 2345 859 2391 non
881 2329 938 2402 est,
961 2322 1131 2406 Iosephum
1145 2322 1230 2406 Frey

120 2444 155 2508 in
182 2450 417 2527 programmate
442 2443 605 2508 Oulmensi
627 2444 702 2509 anni
733 2447 811 2512 1861
842 2443 926 2508 hunc
954 2443 1059 2526 ipsum
1088 2441 1230 2506 codicem

119 2563 342 2630 Basileensom
375 2563 555 2648 significare
588 2562 731 2629 uoluisse
763 2579 822 2626 nec
854 2580 1048 2644 quemquam
1078 2558 1230 2625 Bamher-

119 2701 198 2764 gens
219 2704 261 2749 m.

185 2701 237 2867 ὁ
264 2801 363 2867 codem
376 2801 549 2866 Perennae
571 2797 782 2863 bibliothecae
803 2795 977 2880 imperialis
991 2816 1022 2859 n.
1037 2800 1129 2871 7886,
1153 2793 1228 2858 olim
1249 2789 1282 2851 P

119 2921 317 3004 Puteaneus,
345 2918 623 2994 membranaceae,
653 2915 756 2981 forma
784 2913 956 2998 quadrata,
984 2914 1073 2979 foliis
1099 2911 1230 2996 triginta

120 3055 191 3121 sex,
222 3037 334 3102 eadem
357 3055 453 3099 manu
476 3034 598 3100 saeculi
622 3033 718 3098 VIIH
739 3034 884 3099 exeuntis
906 3033 1050 3116 scriptus.
1084 3030 1229 3097 conlatus

121 3160 172 3219 est
193 3154 394 3234 ab⁴Hertzie
426 3152 537 3238 incipit

185 3274 273 3339 OLA
281 3273 383 3338 VDII
399 3271 620 3339 CAESARIS
640 3270 1169 3351 ΑίίνίΤΙίΡΙΕῙΟΕΝΘΜΕΝΑρι

120 3396 271 3456 secuntur
286 3392 406 3457 Aratea
429 3411 500 3455 cum
523 3389 654 3455 scholiis
676 3388 827 3454 iterieotis
850 3389 896 3454 ita
917 3387 1098 3472 subscripta
1119 3386 1176 3452 fol.
1188 3391 1228 3454 14

117 3507 193 3574 adu.

161 3628 359 3693 OLAVDH
384 3626 605 3695 CAESARIS
629 3623 1056 3695 ARATJtPHOMENA·
1071 3624 1182 3688 EPe.

160 3745 310 3810 ARATI
326 3746 479 3814 GENVS

117 3862 169 3928 his
190 3863 423 3949 subiunguntur
445 3863 659 3946 septendecim
681 3882 796 3929 uersus
823 3862 865 3928 de
891 3881 974 3926 anno
1001 3864 1033 3926 et
1053 3861 1226 3937 mensibus,

119 4001 254 4063 quorum
275 3980 397 4066 primus
420 3985 468 4044 est
489 3984 550 4045 Bis
572 4007 648 4047 sena
669 4006 809 4046 mensam
830 3982 986 4066 aertiqine
1007 3979 1147 4044 molnitar
1169 4002 1224 4042 on-

117 4125 193 4182 nus,
221 4105 381 4165 extremus
410 4103 459 4163 est
483 4097 536 4162 hic
558 4101 623 4164 Per
644 4124 744 4164 nonos
766 4099 840 4164 idne
863 4099 1031 4163 decurrens
1054 4109 1147 4182 atque
1169 4096 1225 4158 tra-

117 4218 241 4282 tendao.
274 4223 347 4301 post
368 4235 505 4281 uacuum
528 4216 661 4281 duarum
683 4217 842 4281 linearum
864 4214 1002 4299 spatium
1024 4244 1028 4249 ·
