2948 5010
543 394 778 461 -113-

106 562 239 628 lauacro
261 565 388 646 partum
410 561 612 647 accelerans,
640 562 729 628 irata*
745 561 822 646 dea,
846 561 922 643 quia
943 560 1065 629 factum
1086 564 1253 651 celauitfi

107 671 211 738 bestia
232 670 302 736 fieri
328 672 418 738 iussa
440 677 497 738 est.
529 677 560 737 et
582 671 658 736 dum
680 678 766 739 esset
788 691 864 737 ursa
885 674 1015 737 Arctum
1036 673 1133 740 enixa
1155 681 1212 756 est,

109 800 204 863 quem
219 781 378 848 Arcadem
397 787 524 847 uocant.
550 781 684 866 Amphis
705 781 844 853 comicus
861 787 958 864 poeta
980 781 1086 864 refert,
1102 784 1214 853 Iouem
1316 804 1320 809 ·

109 890 239 958 Dianae
266 890 374 974 effigie
396 891 657 976 transfiguratum
679 891 711 955 in
734 891 905 957 uenatione
929 891 1063 958 Callisto
1085 914 1213 980 oppres

109 1002 200 1070 sisse.
222 1007 366 1087 tempore
386 1007 499 1087 partus
520 1002 615 1085 pleno
640 1022 710 1067 eum
732 1008 911 1082 uexaretur,
934 1001 1063 1070 Dianae
1086 1004 1214 1090 culpam
1240 1031 1252 1069 a

108 1113 271 1179 indicasse
298 1119 330 1178 et
354 1112 472 1177 iratam
493 1113 634 1176 Dianam
660 1112 695 1176 in
716 1133 825 1178 ursam
846 1113 1100 1197 transfigurasse.
1132 1136 1214 1200 qnae

109 1223 241 1288 durnin
262 1223 420 1288 montibus
442 1228 622 1306 negaretur,
646 1222 874 1304 aquibusdam
896 1224 1080 1307 pastoribus
1102 1246 1216 1311 appre-

107 1334 212 1400 hensa
233 1353 305 1399 cum
327 1353 426 1418 puero
448 1332 602 1417 perducta
625 1338 672 1398 est
699 1331 743 1397 ad
765 1334 960 1420 Lycaonem.
992 1340 1065 1420 post
1090 1339 1215 1419 tempus

108 1445 143 1510 in
164 1442 286 1529 Lycaei
311 1443 397 1509 Iouis
424 1443 543 1527 templo
573 1441 776 1524 confugiens,
804 1466 875 1511 cum
903 1466 976 1512 eam
1002 1447 1103 1512 Arcas
1131 1445 1214 1512 filius

109 1561 304 1638 sequeretur,
325 1554 382 1619 ubi
397 1573 469 1619 eam
484 1550 578 1617 nefas
600 1558 668 1617 erat
689 1552 816 1640 intrare,
839 1556 881 1621 ab
896 1554 1075 1621 Arcadibus
1089 1555 1215 1639 utrique
1230 1579 1255 1620 ro

108 1664 277 1732 interiecti.
300 1664 443 1749 Iuppiter
459 1669 567 1727 autem
581 1666 735 1743 utrosque
758 1665 840 1730 caeli
862 1665 958 1731 astris
972 1664 1078 1730 intulit
1092 1685 1215 1731 ursam-

109 1797 174 1861 que
194 1795 267 1843 eam
287 1773 473 1855 nominauit.
504 1771 639 1837 Ouidius
662 1773 704 1837 ab
726 1773 848 1840 Iunone
869 1775 903 1840 in
924 1776 1062 1842 bestiam
1084 1795 1215 1842 conuer-

110 1908 181 1954 sam
208 1885 327 1954 scribit.
356 1882 455 1949 habet
482 1887 589 1947 autem
616 1882 726 1948 stellas
748 1884 782 1949 in
805 1885 909 1969 eapite
931 1908 991 1965 vn,
1020 1885 1053 1950 in
1080 1884 1216 1968 singulis

109 1996 249 2063 humeris
272 1994 417 2078 singulas
440 1993 605 2072 obscuras,
627 1993 661 2057 in
684 2012 772 2059 armo
796 1993 887 2074 duas,
910 1994 944 2061 in
965 2002 1095 2079 pectore
1109 2016 1216 2076 unam,

108 2199 227 2267 factum
243 2199 369 2278 celauit,
385 2198 490 2265 bestia
503 2198 572 2262 fieri
586 2197 675 2262 iussa
690 2202 739 2263 est
754 2203 785 2262 et
798 2217 913 2283 parere
925 2198 1102 2282 Arcturum,
1119 2195 1254 2280 quernei

109 2315 227 2377 uocant
240 2308 406 2374 Arcadem.
428 2308 561 2393 Amphis
584 2314 688 2372 autem
711 2307 796 2393 dicit,
818 2308 928 2381 Iouem
942 2307 1066 2373 Dianae
1088 2306 1217 2373 adsimi-
1309 2380 1312 2385 ,

75 2406 78 2413 ’
108 2408 209 2485 latum
238 2439 309 2484 curn
335 2438 374 2485 ea
404 2418 507 2485 coisse
535 2423 567 2483 et
593 2438 665 2484 eam
692 2417 887 2503 concepisse.
919 2438 989 2482 cum
1018 2437 1094 2502 ergo
1117 2416 1219 2501 nollet

110 2527 383 2613 interrogantibus
404 2535 478 2613 post
499 2535 626 2612 partum
649 2527 766 2607 dicere,
789 2549 809 2593 a
832 2549 894 2610 quo
918 2527 1126 2612 concepisset,
1148 2531 1217 2591 tan-

111 2637 186 2705 dem
213 2656 388 2721 perpessae
415 2636 601 2703 uiolationis
622 2637 764 2702 Dianam
790 2637 985 2720 culpabilem
1012 2637 1101 2701 dixit.
1132 2655 1217 2718 quae

109 2767 186 2813 mox
208 2748 251 2812 ab
274 2767 314 2812 ea
335 2746 370 2810 in
391 2746 528 2811 bestiam
552 2766 708 2812 conuersa
731 2752 780 2811 est
802 2751 834 2811 et
856 2766 928 2810 cum
949 2765 1048 2828 puero
1071 2743 1218 2831 Lycaoni
1230 2775 1256 2813 ro

110 2855 231 2922 tradita
254 2861 285 2923 et
307 2876 328 2921 a
349 2855 429 2923 Ioue
450 2876 517 2933 una
540 2876 611 2920 cum
634 2855 699 2920 filio
722 2855 805 2920 inter
826 2860 916 2921 astra
939 2853 1120 2918 conlocata.
1142 2852 1218 2918 Arc-

108 2944 175 3031 turi
195 2985 313 3031 nornen
334 2972 464 3050 propter
485 2966 612 3030 ruinam
634 2966 747 3032 sortita
770 2971 826 3032 est.
857 2964 1084 3030 hebetantem
1107 2961 1219 3028 stellas

111 3075 146 3142 in
170 3075 274 3161 capite
297 3098 330 3139 vr
352 3075 516 3160 obscuras,

146 3319 290 3390 lpartum
309 3318 370 3372 eius
393 3323 415 3371 V
439 3317 452 3387 Η
476 3317 637 3370 accelerans
656 3317 776 3371 bestiam
800 3331 860 3369 eam
883 3331 947 3368 asse
971 3314 1055 3369 iussit
1077 3319 1099 3367 V
1123 3313 1136 3385 Η
1162 3312 1215 3369 deo
1236 3333 1256 3382 s

110 3408 269 3473 §fortasse
289 3408 426 3472 tepescam
445 3405 480 3458 ab
499 3404 571 3457 irata
589 3403 643 3456 dea
671 3402 684 3472 Η
713 3404 731 3458 4
748 3404 777 3456 in
795 3402 883 3473 dyane
907 3407 929 3455 V
951 3401 963 3471 Η
986 3402 1015 3455 in
1032 3402 1140 3456 Dianae
1160 3400 1218 3454 effi-

112 3491 186 3561 giem
205 3493 219 3544 b
239 3490 252 3562 Η
273 3491 373 3546 calisto
393 3497 412 3543 s
434 3492 448 3562 Η
469 3491 573 3545 calixto
598 3496 621 3543 V
643 3486 655 3559 Η
679 3492 695 3546 5
713 3492 796 3561 plena
814 3495 863 3543 SV
880 3489 894 3560 Η
918 3489 1001 3560 pleno
1019 3488 1182 3541 Sclruaboob.
1204 3485 1219 3558 Η

112 3581 178 3634 6et
195 3583 279 3632 onas
300 3578 312 3648 Η
333 3580 404 3633 irata
423 3578 539 3633 dianas
559 3578 572 3647 Η
593 3576 709 3645 (tyanam
728 3582 749 3629 V
768 3576 782 3645 Η
801 3579 819 3633 8
837 3576 994 3647 tpductam
1012 3574 1080 3628 ads
1101 3573 1114 3644 Η
1134 3575 1220 3631 licao-

111 3680 175 3719 nem
192 3669 213 3719 S
233 3665 246 3736 Η
267 3668 283 3721 9
302 3666 367 3720 licei
385 3671 434 3720 SV
454 3666 467 3736 Η
486 3668 560 3719 artas
581 3668 601 3716 S
625 3661 639 3733 Η
664 3663 762 3718 archas
786 3669 808 3716 V
827 3662 841 3733 Η
865 3667 900 3720 10
917 3663 1023 3732 nephas
1047 3666 1069 3714 V
1088 3659 1101 3732 Η
1122 3663 1156 3717 11
1175 3661 1220 3716 Iu·

111 3751 186 3822 pitar
207 3757 231 3806 V
248 3751 262 3822 Η
283 3753 318 3808 12
336 3770 397 3807 eam
417 3773 466 3807 om.
486 3758 506 3806 s
526 3751 540 3822 Η
561 3768 577 3804 a
601 3757 622 3804 V
641 3749 654 3820 Η
675 3751 711 3806 14
727 3752 862 3807 obscuras
882 3748 1008 3816 singulas
1033 3746 1087 3819 νΗ
1107 3749 1137 3803 in
1154 3764 1220 3820 pee-

111 3838 319 3894 tore-claras
339 3858 362 3893 11
382 3860 431 3894 om.
451 3844 472 3893 S
492 3838 505 3911 Η

147 4018 182 4074 15
194 4022 273 4074 arcti
288 4020 373 4095 6⁰6⁶,
386 4019 399 4090 11
419 4021 453 4075 16
466 4017 615 4072 archadem
633 4022 737 4072 uocant
750 4017 828 4071 (³⁶6⁶
848 4016 862 4088 Η
883 4015 953 4070 dicit
965 4034 1014 4069 om.
1029 4017 1053 4069 G
1073 4014 1086 4087 Η
1107 4015 1140 4069 17
1154 4028 1219 4067 con·
1235 4031 1258 4080 a

113 4104 219 4177 cipisse
239 4108 263 4160 G
283 4105 297 4178 Η
318 4109 352 4163 18
371 4105 544 4176 concipisset
564 4108 588 4159 θ
610 4105 623 4176 Η
644 4107 678 4161 19
697 4104 780 4159 diana
800 4103 877 4159 Galil
899 4103 911 4173 Η
931 4103 966 4160 20
984 4118 1048 4158 mox
1066 4122 1115 4156 om.
1130 4103 1154 4154 G
1172 4103 1222 4152 od-

113 4193 197 4247 ditam
217 4195 296 4247 babet
317 4193 353 4248 0⁶
374 4192 387 4266 Η
406 4192 510 4248 licaoni
530 4190 608 4246 (3⁶6⁵
628 4191 641 4262 Η

1002 4295 1020 4349 8
