2948 5010
518 438 754 504 ..229-

80 629 157 695 pere
178 608 418 694 temperantiam
441 607 658 691 autumabant,
680 606 828 672 dixerunt
845 607 1004 689 quendam
1026 607 1228 680 hominene

80 718 189 798 fuisse,
214 717 375 784 conditum
398 717 634 801 aPromotheo,
659 715 779 782 cunetis
793 715 898 782 forma
913 716 1187 800 praestantiorem.

82 846 176 909 quem
199 848 269 891 cum
292 827 363 891 Ioui
385 832 419 890 ut
441 832 563 892 ceteros
584 825 719 891 reddere
742 824 857 904 nollet,
883 824 968 890 idem
991 825 1190 890 Phaenona

82 935 238 1001 Mercurio
260 953 434 1019 persuasus
450 936 501 1000 †ut
519 933 777 1000 inmortalitatem
795 934 973 1018 perciperet
987 952 1058 1000 esse
1075 931 1189 998 dicitur

82 1051 117 1109 ut
137 1045 180 1109 ad
207 1047 316 1110 Iouem
344 1045 479 1109 ueniret.
513 1043 554 1107 ad
580 1062 674 1125 quem
696 1043 830 1109 ueniens
853 1049 885 1108 ct
905 1043 1035 1127 proprio
1057 1042 1188 1107 nomine
1213 1059 1225 1096 ⁵

82 1154 254 1219 honoratus
284 1159 314 1217 ct
340 1152 422 1217 inter
450 1157 537 1216 astra
564 1152 749 1219 conlocatus
771 1154 860 1218 iuxta
882 1172 992 1218 eorum
1015 1151 1189 1218 uanitatem

82 1269 139 1328 est.
172 1262 283 1328 Martis
299 1268 405 1326 autem
422 1261 525 1340 stella,
549 1282 643 1343 quam
660 1262 789 1344 quidam
810 1262 938 1327 illorum
953 1261 1100 1328 Herculis
1117 1277 1189 1324 esse

82 1372 239 1449 dixerunt,
253 1371 389 1436 Veneris
413 1390 534 1453 sequax
550 1370 590 1434 ah
609 1370 674 1436 illis
695 1371 794 1438 fuisse
815 1373 997 1456 putabatur.
1013 1389 1096 1436 -nam
1119 1387 1187 1432 cum

81 1479 243 1544 Vulcanus
265 1481 420 1544 Venerem
451 1479 595 1545 duxisset
621 1500 751 1546 uxorem
780 1486 812 1546 et
836 1486 966 1566 propter
988 1479 1057 1545 eius
1079 1477 1187 1543 obser-

82 1589 223 1654 uantiam
245 1587 340 1652 Marti
370 1587 461 1670 copia
490 1608 554 1651 non
580 1588 670 1653 fieret
690 1589 834 1672 nihilque
857 1590 993 1671 adsequi
1014 1587 1186 1667 uideretur,
1203 1604 1226 1641 m

46 1736 48 1740 ·
81 1719 102 1763 a
122 1698 247 1762 Venere
274 1697 388 1761 coitum
415 1697 599 1781 impetrauit
624 1704 655 1763 et
679 1699 753 1780 quia
775 1698 982 1764 uehementer
1004 1716 1094 1760 amor
1115 1713 1187 1759 eum

80 1805 269 1891 incenderit,
293 1805 409 1890 Pyrois
430 1806 524 1871 stella
547 1813 595 1871 est
616 1808 789 1890 appellata,
818 1829 838 1872 a
865 1828 929 1891 qua
951 1806 1048 1872 ctiam
1070 1823 1106 1870 se
1127 1801 1187 1866 fer·

81 1935 192 1980 uorem
215 1915 362 2000 accipere
385 1912 567 1980 credebant.
589 1915 723 1981 Veneris
740 1937 816 1982 uero
832 1918 968 1995 stellam,
992 1933 1086 1996 quam
1109 1932 1188 1976 non-

80 2023 159 2089 nulli
187 2023 319 2089 lunonis
347 2042 419 2089 esse
447 2023 675 2107 opinabantur,
704 2025 851 2091 dixerunt
880 2024 982 2091 fuisse
1007 2023 1187 2105 Hesperum

81 2135 223 2199 Aurorae
248 2140 279 2199 et
301 2131 445 2216 Ocphali
462 2131 559 2196 filiurn
591 2139 622 2197 et
644 2134 685 2198 ob
706 2134 949 2217 pulcritudinem
969 2154 1039 2199 cum
1060 2131 1224 2195 Venerem

81 2248 220 2306 certasse
247 2242 422 2307 etidcirco
449 2241 531 2306 inter
558 2247 644 2307 astra
672 2243 872 2309 conlocatum
900 2262 972 2308 esse
1001 2246 1032 2306 ct
1053 2239 1186 2305 Veneris

80 2369 197 2415 nomen
223 2351 388 2434 accepisse
416 2370 454 2415 eo
477 2351 617 2433 quodni
641 2352 780 2434 quadam
803 2371 1042 2434 nonnumquam
1065 2348 1186 2415 oriente

80 2459 148 2524 sole
171 2479 407 2543 nonnumquam
428 2459 592 2526 occidente
606 2459 765 2526 uideatur.
787 2462 830 2526 ab
852 2461 913 2526 hac
936 2461 1019 2526 enim
1043 2459 1136 2525 stella
1152 2477 1187 2543 se

79 2568 278 2653 uoluptatem
306 2569 450 2654 accipere
477 2570 714 2654 profitebantur.
749 2592 843 2654 porro
864 2569 1012 2636 Mercurii
1033 2569 1140 2647 stella,
1167 2588 1187 2632 a

81 2699 145 2761 qua
171 2696 207 2742 sc
235 2675 377 2757 linguam
406 2683 437 2740 et
465 2677 655 2761 sapientiam
677 2680 841 2764 percipere
864 2679 1113 2756 arbitrabantur,
1140 2677 1185 2740 id·
1198 2693 1225 2732 20

80 2790 164 2854 circo
178 2786 334 2853 Mercurio
349 2785 428 2850 data
443 2787 651 2867 existimatur,
675 2807 770 2869 quom
791 2788 910 2871 primus
925 2807 1052 2854 meuses
1075 2807 1186 2853 secun-

78 3076 124 3125 tus
143 3073 167 3120 B
190 3066 203 3136 Η
224 3063 333 3118 stellam
353 3079 421 3114 corr.
441 3077 476 3113 eu
495 3060 598 3114 stillam
617 3066 641 3114 Β
664 3060 677 3130 Η
698 3063 712 3116 1
732 3059 949 3115 authumnabant
967 3065 991 3111 Β
1012 3058 1025 3129 Η
1046 3066 1189 3116 autumant
1202 3053 1226 3099 θ

82 3160 121 3212 0⁶
139 3164 202 3208 aare
222 3169 290 3205 corr.
312 3148 349 3204 til
375 3147 387 3219 Η
412 3149 429 3203 2
447 3148 672 3218 praestintiorem
692 3155 716 3203 B
742 3146 756 3218 Η
780 3150 797 3203 3
816 3144 850 3203 ci
868 3148 896 3211 (v
914 3151 941 3199 ia
960 3153 1027 3210 rus.)
1046 3152 1071 3200 Β
1092 3146 1106 3219 Η
1126 3165 1187 3202 cnm

80 3298 129 3332 ona.
145 3273 234 3331 (ΒΘΗ
255 3272 268 3343 Η
288 3248 379 3326 iouhm
400 3267 437 3324 (il
457 3266 472 3339 Η
491 3269 569 3323 nolet
589 3268 667 3323 θ’θ’)
687 3268 701 3340 Η
721 3270 805 3324 fenon
822 3274 847 3322 Β
869 3267 883 3339 Η
907 3269 1018 3339 phanon
1039 3272 1062 3323 θ
1083 3270 1096 3339 Η
1114 3267 1188 3340 phon

81 3361 158 3419 (3⁰0⁶
179 3361 192 3429 Η
212 3362 228 3414 7
248 3358 358 3427 quidem
377 3360 402 3408 Β
422 3355 437 3426 Η
457 3356 557 3410 arculis
578 3361 601 3407 Β
626 3356 639 3426 Η
665 3360 681 3412 9
698 3356 827 3410 duxisset
845 3374 914 3408 corr.
934 3374 969 3408 eu
987 3357 1109 3412 dixisset
1127 3365 1151 3410 Β
1173 3355 1187 3430 Η

79 3455 109 3505 et
121 3466 171 3501 om.
187 3442 223 3498 6⁶
244 3441 257 3512 Η
278 3444 312 3498 10
324 3441 411 3511 copi'a'
427 3441 463 3494 Gi
484 3440 498 3512 Η
518 3442 587 3495 nihil
606 3443 730 3512 queadse
750 3442 908 3513 quiuider&’
922 3447 947 3494 Β
967 3441 980 3512 Η
1001 3445 1034 3498 11
1049 3443 1187 3499 aduenere

78 3537 131 3589 BG
151 3531 165 3602 Η
185 3529 307 3597 cogitum
325 3533 349 3581 Β
378 3525 392 3598 Η
417 3544 537 3583 morsum
556 3528 687 3583 Bomoi
708 3528 721 3600 Η
747 3545 823 3584 amor
841 3547 902 3584 eum
920 3535 1016 3598 scripsi
1035 3548 1070 3583 ou
1089 3536 1186 3599 uppem

79 3628 107 3675 Ρ.
121 3623 154 3671 Α.
167 3622 244 3669 1142
256 3633 283 3681 p.
294 3623 346 3668 m
364 3619 442 3669 stau.
469 3614 483 3685 Η
507 3617 541 3670 12
560 3617 655 3686 pyrois
675 3617 712 3671 sit
730 3617 873 3688 appellata
892 3616 1026 3687 (apellata
1046 3619 1079 3681 G)
1096 3620 1149 3671 ΒΘ
1172 3619 1186 3690 Η

79 3710 112 3763 13
131 3702 266 3760 credebat
278 3702 331 3754 BG
351 3700 364 3769 Η
385 3701 420 3759 14
436 3702 576 3772 hesperim
590 3705 615 3752 Β
634 3702 647 3773 Η
668 3704 702 3758 15
720 3703 856 3774 coephale
878 3704 902 3756 G
922 3703 936 3774 Η
955 3704 1187 3774 pulchritudinem

78 3801 103 3848 Β
125 3794 138 3863 Η
158 3786 364 3863 pulchritudine
380 3787 469 3842 G⁰Gl¹
490 3787 505 3859 Η
524 3790 682 3845 eumueniro
702 3791 722 3857 (i
735 3809 803 3845 corr.
818 3808 853 3843 eu
866 3792 892 3859 e)
909 3795 935 3843 Β
953 3790 967 3861 Η
988 3791 1022 3845 16
1041 3791 1187 3846 conlocati
1277 3856 1281 3865 ,

79 3889 94 3934 e
115 3881 152 3933 0⁴¹
173 3878 186 3948 Η
212 3878 246 3932 17
265 3875 406 3946 accipisse
427 3877 450 3927 0
474 3873 488 3945 Η
513 3877 542 3929 in
563 3874 641 3929 pape
665 3876 677 3947 Η
702 3883 871 3947 nonnunqua
890 3877 928 3929 qa
953 3875 968 3947 Η
988 3876 1048 3931 ·VI·
1068 3878 1187 3948 quodam

78 3967 215 4021 nominum
235 3978 316 4033 quam
336 3966 357 4013 Β
380 3960 392 4031 Η
413 3962 447 4016 18
465 3959 615 4032 rituumque
633 3971 657 4018 Β
678 3962 692 4037 Η
718 3963 816 4018 stellas
836 3967 860 4015 Β
888 3961 900 4034 Η
925 3965 959 4018 19
977 3964 1188 4034 profetehantur

80 4052 116 4106 Gi
136 4051 150 4122 Η
170 4049 298 4106 mercerii
317 4054 342 4101 Β
364 4048 377 4118 Η
397 4048 506 4102 stellam
527 4047 604 4102 (3⁰6⁶
625 4048 638 4120 Η
659 4051 742 4105 stella
761 4051 784 4104 a
803 4055 899 4121 quarte
918 4056 943 4103 Β
965 4049 979 4121 Η
998 4052 1032 4105 21
1050 4052 1186 4107 mercorio

78 4145 102 4192 Β
124 4138 137 4208 Η
162 4137 354 4191 existimantur
374 4137 412 4188 (pa
433 4134 447 4207 Η
472 4136 665 4191 existimantur
684 4137 720 4192 0⁶
742 4137 754 4207 Η
778 4138 859 4209 primi
878 4155 947 4191 corr.
967 4156 1002 4191 eu
1019 4138 1107 4208 primu
1125 4144 1150 4191 Β
1172 4139 1186 4225 Η

77 4225 165 4296 primu
186 4225 209 4277 θ
229 4224 242 4295 Η
262 4225 366 4279 mensis
386 4241 455 4278 corr.
475 4239 511 4276 eu
529 4238 639 4280 manses
658 4227 683 4277 Β
703 4223 716 4294 Η
