2948 5010
648 413 861 481 ..82-

202 583 376 670 exclusisse
400 580 493 646 deam
509 582 644 669 Syriam.
668 603 750 666 quae
772 584 1002 666 benignissima
1024 585 1226 669 maximeque
1249 587 1307 653 mi·

202 694 337 760 sericors
360 694 459 758 multa
483 714 564 776 quae
587 693 629 759 ad
651 694 795 759 homines
817 695 1018 778 pertinebant
1040 696 1136 783 [quae
1158 696 1202 762 ad
1223 696 1306 762 utili·

200 810 297 871 tatem
318 803 498 870 hominibus
513 808 678 870 uterentur
693 801 743 889 ea]
762 802 875 869 dicitur
896 806 1079 890 inquisisse.
1103 826 1186 890 quae
1210 828 1307 890 quom

199 914 286 980 louis
314 914 443 999 saepius
470 936 490 979 a
511 913 667 979 Mercurio
697 912 825 978 laudari
848 913 1084 1001 [nominarique
1107 936 1142 983 se
1164 917 1305 1004 saepius]

175 1024 334 1103 aaudiret
358 1025 444 1108 quod
465 1025 500 1090 in
522 1024 600 1089 deos
622 1023 785 1108 religiosa,
807 1024 842 1088 in
863 1025 1046 1093 hominibus
1069 1025 1213 1092 officiosa
1236 1025 1307 1093 dili-

201 1141 311 1218 genter
332 1135 434 1221 fuerit,
457 1142 570 1218 rogata
592 1136 632 1200 ab
656 1135 743 1218 ioue,
768 1135 845 1218 quid
867 1136 929 1201 sibi
944 1137 1065 1202 obtanti
1081 1137 1176 1203 tribui
1197 1143 1306 1222 postu·

202 1247 298 1326 leret,
322 1246 379 1311 illa
401 1246 460 1330 ait,
483 1245 594 1330 piscis,
619 1245 673 1327 qui
696 1264 787 1310 suam
808 1245 967 1330 originem
990 1254 1180 1328 seruassent,
1203 1255 1239 1337 ut
1259 1248 1306 1312 in·

200 1356 326 1421 mortali
353 1357 495 1440 praemio
521 1354 744 1421 adficerentur.
775 1356 884 1439 itaque
910 1356 1051 1441 Iuppiter
1074 1357 1108 1422 in
1128 1381 1189 1423 xm
1203 1359 1304 1444 signis

200 1466 339 1533 siderum
355 1465 528 1551 splendore
543 1466 717 1549 decorauit,
740 1466 825 1531 unde
847 1465 1006 1549 hodieque
1022 1466 1096 1552 Syri
1119 1489 1223 1552 neque
1245 1469 1304 1536 hos

161 1600 186 1639 ro
197 1567 302 1660 pisces
325 1575 422 1641 edunt
444 1582 475 1642 et
497 1576 661 1642 columbas
684 1576 817 1643 deorum
838 1582 1014 1661 postestate
1038 1576 1200 1644 decorant.

281 1689 404 1753 Tantus
427 1687 544 1770 ubique
566 1685 674 1773 micat]

282 1798 332 1861 Ex
353 1799 467 1862 Danae
491 1803 522 1861 et
542 1797 643 1861 imbre
666 1816 763 1862 aureo
786 1802 879 1862 natus
900 1799 1077 1864 Perseus.
1108 1798 1163 1880 qui
1185 1798 1302 1865 missus

196 1907 416 1993 aPolydecte⁷
440 1926 517 1989 rege
539 1906 666 1972 insulae
690 1905 828 1991 Seriphi,
852 1906 893 1971 ad
910 1908 1092 1990 Gorgonem
1112 1909 1302 1977 interficien-

197 2018 280 2082 dam.
311 2017 366 2100 qui
387 2017 511 2101 accepit
532 2017 645 2083 talaria
661 2024 693 2084 et
707 2036 808 2101 arpen
830 2018 1032 2092 aMerourio.
1056 2038 1114 2102 per
1135 2039 1213 2085 aera
1228 2040 1301 2087 uec·

160 2159 183 2196 15
196 2134 247 2194 tus
263 2133 321 2194 est.
345 2127 526 2213 Aeschylus
542 2128 663 2211 harpen
679 2127 914 2192 adamantinam
929 2148 950 2194 a
963 2127 1106 2195 Volcano
1130 2128 1207 2195 dicit
1230 2152 1301 2197 eum

195 2239 368 2323 accepisse.
399 2230 584 2324 Gorgonum
606 2237 756 2304 custodes
779 2236 906 2303 fuerunt
928 2246 993 2304 tres
1015 2258 1078 2303 uno
1102 2239 1193 2305 oculo
1216 2241 1299 2307 inter

195 2370 237 2416 se
253 2348 522 2415 communicantes
545 2356 710 2414 seruarent
732 2365 766 2415 oc
787 2348 925 2431 uigilias.
951 2352 1070 2415 Persea
1092 2354 1199 2416 autem
1220 2350 1301 2417 inter

194 2460 397 2526 traditionem
423 2459 550 2523 oculum
573 2459 784 2543 intercepisse
814 2465 846 2525 et
870 2459 904 2524 in
924 2460 1057 2547 Tritona
1083 2460 1189 2525 lacurn
1216 2460 1302 2528 deie-

194 2634 209 2687 1
230 2648 301 2704 quae
321 2641 381 2700 post
399 2630 578 2702 pertinebant
595 2634 711 2698 positam
729 2631 770 2682 bic
789 2633 925 2682 conlocaui
951 2628 965 2702 Η
989 2630 1144 2686 bomissima
1161 2637 1184 2686 Δ
1211 2631 1226 2705 Η
1251 2631 1299 2685 be·

195 2718 386 2788 nignissimam
406 2723 428 2771 P
446 2716 459 2790 Η
479 2719 669 2788 maximaeque
689 2720 710 2767 Α
732 2715 745 2789 Η
765 2718 782 2772 2
800 2716 886 2771 multa
904 2719 945 2770 ro
962 2724 1039 2786 posci
1057 2729 1179 2772 monente
1192 2720 1301 2772 macte-

194 2811 249 2860 lero
271 2805 285 2878 Η
305 2806 466 2878 pertinebat
483 2810 531 2859 ΑΡ
554 2804 567 2877 Η
593 2814 664 2876 qnae
682 2804 823 2875 multaque
842 2821 912 2875 qnae
932 2806 1103 2875 (quaemulta
1121 2821 1250 2876 quequae
1269 2807 1300 2874 P)

192 2894 228 2948 ad
247 2894 395 2948 utilitatem
409 2898 456 2960 (ea
468 2913 536 2947 corr.
550 2898 581 2958 P)
596 2893 752 2948 hominibus
770 2896 913 2946 uterentur
926 2897 973 2944 ΑΡ
991 2891 1003 2965 Η
1024 2894 1164 2965 multaque
1178 2910 1251 2964 qnae
1263 2892 1299 2946 ad

192 2981 318 3035 homines
336 2981 516 3052 pertinebant
535 2978 617 3051 [quae
637 2980 672 3034 ad
685 2980 834 3033 utilitatem
846 2980 1002 3034 hominibus
1015 2979 1168 3052 uterentur]
1184 2997 1219 3034 ea
1230 2979 1296 3034 dici·

192 3072 237 3122 tur
249 3071 389 3121 Biicbeler.
405 3067 417 3139 Η
433 3084 546 3137 qnae-
558 3084 592 3121 aa
604 3072 698 3120 seclusi
713 3067 726 3138 Η
740 3067 758 3122 4
770 3067 828 3121 ioni
840 3071 888 3119 ΑΡ
904 3067 917 3137 Η
937 3068 1126 3138 nominarique
1140 3084 1170 3121 sa
1185 3067 1296 3139 saepius

194 3159 279 3208 delecti
299 3152 313 3226 Η
332 3156 349 3211 5
368 3154 413 3226 qd'
427 3158 472 3208 est
484 3158 504 3206 A
526 3153 539 3226 Η
558 3156 684 3210 homines
699 3156 837 3209 bacheler.
861 3153 873 3224 Η
893 3157 910 3210 6
929 3155 964 3208 ob
978 3155 1049 3208 tanti
1062 3159 1084 3205 A
1099 3154 1112 3227 Η
1128 3154 1238 3226 optanti
1251 3150 1297 3226 ΡΗ

192 3242 336 3314 postulare
355 3246 378 3294 Δ
400 3241 412 3313 Η
439 3242 555 3319 'lilliA
577 3241 590 3313 Η
614 3244 708 3315 pisces
727 3247 750 3295 P
772 3240 784 3312 Η
811 3246 955 3296 seruarent
972 3248 995 3294 P
1019 3241 1032 3312 Η
1056 3245 1074 3298 8
1092 3241 1199 3313 premio
1218 3245 1266 3294 ΑΡ
1283 3237 1297 3312 Η

192 3350 208 3404 9
225 3346 353 3417 syderum
365 3351 388 3399 Ρ
400 3345 412 3418 Η
432 3325 550 3418 undbeq.
563 3353 586 3400 Ρ
603 3348 616 3419 Η
637 3348 727 3418 syriae
747 3352 853 3417 quoad
874 3348 887 3418 Η
908 3349 998 3401 sirene
1017 3347 1104 3400 hosP
1122 3345 1136 3417 Η
1156 3347 1191 3402 10
1204 3344 1300 3400 dicunt

195 3442 217 3490 P
236 3436 249 3506 Η
271 3436 304 3490 11
322 3439 484 3504 praecedant
501 3440 589 3488 Germ.
603 3453 628 3487 a.
640 3440 690 3486 261
696 3441 781 3487 -254
800 3436 812 3504 Η
834 3438 867 3491 12
882 3438 943 3491 Cot.
958 3437 1039 3486 xxn
1053 3439 1121 3500 Hyp.
1136 3437 1164 3488 P.
1177 3435 1212 3485 A.
1225 3437 1298 3506 1118

193 3530 277 3577 11111
297 3521 312 3595 Η
332 3522 455 3577 daneon
473 3521 486 3593 Η
507 3521 624 3576 daneam
637 3526 659 3574 P
672 3520 685 3592 Η
699 3522 785 3576 imbre
799 3525 1014 3578 auerronatnsA
1032 3521 1045 3594 Η
1058 3519 1191 3574 imbream
1204 3535 1297 3573 nemo·

193 3616 274 3666 natus
288 3614 310 3662 P
322 3609 335 3683 Η
354 3627 373 3682 p
388 3609 466 3665 sidua
479 3614 502 3662 P
520 3607 534 3681 Η
554 3611 589 3664 13
600 3608 779 3679 polyteoteA
796 3610 809 3682 Η
823 3611 965 3682 polideota
979 3615 1002 3662 Ρ
1019 3608 1032 3680 Η
1053 3609 1161 3664 insulae
1175 3607 1299 3680 seripehi

192 3723 212 3770 A
235 3717 247 3789 Η
268 3690 437 3785 insul⁸aeripe
450 3719 473 3766 P
491 3714 503 3784 Η
523 3714 558 3769 14
570 3729 641 3782 quae
656 3717 774 3784 accepta
785 3715 919 3768 talariaA
937 3714 950 3786 Η
966 3717 1043 3784 Quae
1057 3717 1207 3785 acceptata
1219 3711 1300 3791 liaris

192 3821 245 3894 ΡΗ
266 3823 313 3893 qui
332 3819 443 3889 accepit
460 3816 562 3871 talaria
575 3822 672 3886 scripsi
693 3818 704 3888 Η
726 3834 830 3889 arpena
843 3823 889 3869 ΑΡ
905 3817 920 3888 Η
941 3835 1033 3872 aerem
1048 3837 1061 3873 ε
1080 3819 1093 3890 Η
1113 3819 1148 3874 15
1161 3791 1299 3889 aesc'ffiua

190 3910 313 3964 hamada
325 3906 449 3961 mentina
460 3904 658 3959 mauolcanaA
676 3903 690 3975 Η
710 3905 842 3959 Aescilns
856 3904 1074 3962 ardamantinam
1088 3924 1104 3961 a
1116 3906 1237 3960 culcana
1250 3912 1272 3960 P
1285 3904 1299 3978 Η

189 3998 260 4052 hano
279 4012 388 4067 arpena
403 3989 417 4063 Η
430 3992 589 4062 Aeschylus
609 3997 643 4058 cs.
657 3994 756 4046 Nocet.
771 3997 807 4059 fr'.
821 4012 846 4059 p.
860 4002 895 4044 cs
914 3994 927 4063 Η
948 3995 1101 4049 ἀίοὶθῃωᾼ
1122 3993 1135 4064 Η
1155 3995 1190 4048 16
1201 3997 1298 4049 ωηο.

189 4084 287 4139 demP
304 4081 318 4154 Η
339 4081 430 4134 ferunt
442 4084 489 4131 ΔΡ
507 4078 521 4150 Η
541 4080 652 4132 fuerunt
669 4083 764 4147 aortpsr'
784 4078 797 4150 Η
818 4080 891 4134 inter
908 4097 938 4136 se
951 4099 1006 4136 nno
1020 4082 1101 4136 oculo
1114 4086 1137 4133 P
1156 4078 1169 4150 Η
1190 4082 1225 4136 17
1238 4095 1297 4135 ser·

187 4189 253 4226 aare
267 4189 280 4225 ε
293 4169 307 4242 Η
321 4174 353 4224 nt
365 4171 457 4219 addidi
478 4167 491 4237 Η
510 4183 530 4237 p
544 4181 575 4219 se
588 4168 636 4217 ΑΡ
653 4163 667 4237 Η
686 4165 921 4221 introductionem
935 4173 981 4220 ΑΡ
999 4167 1012 4239 Η
1032 4170 1105 4224 inter
1116 4167 1297 4223 traditionem

156 4293 157 4296 =
187 4262 283 4328 scripsi
303 4255 318 4328 Η
337 4258 372 4314 18
389 4252 452 4308 laed
463 4257 511 4306 ΔΡ
521 4258 629 4307 ameni
647 4251 662 4324 Η
