2948 5010
614 357 826 424 -71‘-

164 530 222 596 bro
244 530 383 596 naturali
404 527 594 596 contendere
617 527 729 611 eoepit.
761 526 898 612 Priapus
914 547 1118 611 conpressum
1141 528 1266 603 asinum

164 640 311 707 oooidere
332 638 441 706 uoluit.
476 659 569 722 quem
590 636 677 702 Iouis
699 637 851 705 benefioio
875 638 1071 704 subtractum
1093 644 1125 705 et
1145 660 1203 724 pro
1226 659 1265 706 eo

163 749 301 816 alterum
323 748 521 832 subpositum
544 748 757 830 oeeisumque.
796 748 973 831 ambosque
995 749 1083 815 Iouis
1104 748 1267 816 inmortali

163 860 285 926 honore
307 859 444 925 donatos
466 857 560 923 astris
587 857 700 922 intulit.
746 864 926 924 astantem
955 857 1001 925 eis
1028 858 1207 944 adpositum
1234 863 1265 926 et

162 968 377 1055 praesepium.
422 972 471 1033 est
498 971 532 1059 et
558 966 663 1032 altera
685 967 774 1054 origo
802 987 886 1052 quae
911 966 1045 1034 infertur
1065 968 1149 1035 aliis.
1191 987 1264 1034 eum
1290 991 1303 1030 r

166 1077 320 1145 aduersus
350 1078 501 1161 gigantas
528 1075 561 1140 di
588 1075 708 1142 bellum
734 1084 893 1163 gererent,
920 1077 1015 1144 Liber
1042 1083 1074 1144 et
1100 1077 1265 1146 Vuleanus

167 1194 200 1255 et
220 1188 319 1274 satyri
340 1188 440 1254 asinis
462 1188 611 1254 sedentes
637 1186 774 1270 profecti
795 1185 839 1253 ad
859 1207 1010 1272 pugnam.
1055 1188 1140 1272 quod
1161 1208 1265 1272 genus

162 1298 302 1364 inuisum
328 1298 522 1383 gigantibus.
566 1316 717 1382 magnam
745 1317 858 1363 uoeem
887 1318 959 1364 eum
981 1296 1140 1378 audirent,
1165 1298 1265 1365 territi

162 1407 312 1494 gigantes
326 1407 388 1473 hae
403 1427 483 1473 uooe
497 1405 655 1489 fugerunt.
686 1408 727 1473 ob
744 1406 830 1490 quod
853 1414 926 1473 sunt
947 1407 1041 1474 astris
1062 1407 1154 1474 inlati
1176 1412 1208 1474 et
1229 1407 1263 1473 in
1331 1473 1336 1487 ,

163 1517 255 1603 signo
277 1516 432 1587 notabilis,
452 1516 558 1582 eaneri
579 1516 685 1602 positi,
711 1517 800 1583 auius
822 1537 932 1584 aursus
955 1517 999 1584 ad
1022 1537 1171 1584 oaoasum
1193 1521 1262 1583 ten·
1277 1539 1302 1581 ro

163 1627 218 1694 dit
253 1647 392 1693 oanoer
412 1625 511 1692 habet
525 1627 635 1692 stellas
649 1627 683 1691 in
696 1632 826 1711 peetore
841 1652 865 1691 rr
881 1629 997 1714 elenae,
1019 1627 1054 1693 hi
1068 1633 1141 1693 sunt
1159 1626 1264 1693 asini

163 1775 203 1784 -
226 1736 472 1822 praesepium
495 1743 602 1804 autem
624 1742 659 1802 ut
680 1737 782 1803 nubes
803 1737 894 1804 iuxta
914 1743 1006 1822 paret
1028 1776 1068 1787 -
1091 1740 1126 1805 ia
1144 1735 1264 1804 dextris

163 1843 299 1934 pedibus
321 1846 474 1931 singulas.
509 1845 588 1912 fiunt
602 1870 651 1911 1111
673 1847 838 1913 obscurae.
872 1848 906 1913 in
920 1847 1056 1915 sinistris
1079 1846 1217 1932 ipriores
1238 1868 1264 1910 rr

163 1955 281 2036 tiarae,
304 1955 338 2021 in
360 1956 461 2022 altero
484 1980 517 2037 11,
540 1957 722 2042 intentior,
745 1957 779 2023 in
800 1972 914 2046 quarto
938 1963 1077 2024 extremo
1099 1977 1206 2036 anam,
1229 1955 1264 2022 in

163 2085 219 2135 ore
241 2091 262 2131 1.
306 2066 340 2132 in
362 2066 472 2132 dextro
496 2087 593 2132 oornu
614 2091 651 2131 rrr
672 2067 793 2134 similes
815 2089 879 2133 non
900 2086 1052 2152 magnae,
1080 2068 1114 2132 in
1135 2067 1262 2140 sinistro
1276 2095 1300 2135 rs

161 2201 194 2242 rr.
232 2177 311 2241 fiunt
331 2200 408 2241 xvrr.
445 2197 486 2244 ex
514 2176 628 2261 quibus
655 2197 750 2262 super
779 2182 894 2242 testam
921 2177 1051 2244 eanori
1078 2183 1151 2244 sunt
1177 2176 1263 2242 duae

162 2287 272 2355 elarae
301 2307 384 2370 quae
413 2278 486 2354 droa
513 2288 723 2372 appellantur.
773 2284 860 2369 quod
889 2293 996 2354 autern
1017 2285 1148 2353 nubium
1177 2284 1263 2352 oiroa

163 2416 235 2465 eum
257 2396 383 2463 uidetur
403 2398 653 2482 praesepium
675 2396 798 2464 dieitur.
837 2398 921 2464 asini
943 2403 1050 2465 autem
1071 2395 1182 2465 stellas
1204 2395 1262 2463 ha-

161 2507 238 2574 bent
261 2511 424 2590 quattuor,
454 2504 535 2573 duas
558 2509 680 2589 oleras,
708 2508 791 2574 duas
813 2507 976 2602 obscuras.
1020 2504 1164 2592 reliquae
1184 2507 1264 2575 fiunt

162 2615 339 2683 duodeoim.
1145 2637 1146 2640 ’
1273 2643 1301 2684 ao

248 2728 320 2806 Qua
341 2727 460 2816 media]

245 2839 306 2904 Hie
328 2837 479 2905 notabilis
500 2844 533 2904 et
554 2837 710 2904 maximus
732 2835 936 2921 intersignis
958 2843 1006 2903 est
1029 2821 1148 2920 portius
1175 2835 1262 2902 Iouis

161 2949 332 3029 beneficio,
366 2949 451 3032 quod
476 2948 594 3014 uirtute
621 2955 749 3033 praeter
773 2953 897 3016 eeteros
924 2946 1046 3014 bestias
1074 2946 1261 3031 praeoellat.

161 3062 234 3128 aliis
256 3060 378 3149 plaeet,
409 3059 495 3142 quod
520 3059 642 3144 primus
664 3059 812 3126 Heroulis
839 3058 932 3124 labor
960 3062 1060 3135 esset,
1087 3058 1262 3124 memoriae

218 3199 230 3227 Ι

137 3276 139 3283 ,
161 3239 302 3311 lPiapus
321 3244 343 3291 P
360 3239 374 3310 Η
394 3240 613 3312 conprehensum
631 3247 654 3294 Ρ
677 3245 690 3314 Η
715 3244 732 3298 2
750 3239 883 3295 benefitio
902 3242 925 3291 Ρ
943 3237 955 3310 Η
977 3253 1027 3292 suo
1045 3240 1163 3293 tractum
1181 3241 1229 3292 ΑΡ
1247 3236 1261 3307 ΙΙ

160 3328 331 3385 subtractum
343 3330 440 3394 scripsi
460 3324 473 3398 Η
493 3332 672 3400 surreptnmr
691 3327 704 3399 Η
725 3329 830 3386 3Iouis
844 3330 936 3380 addidi
958 3323 970 3398 Η
990 3325 1116 3381 4010οΔ
1137 3323 1149 3397 ΙΙ
1170 3326 1261 3396 opre·

161 3416 268 3488 sepium
287 3419 335 3467 ΔΡ
356 3412 370 3485 Η
395 3417 412 3470 6
430 3415 559 3485 gigantas
579 3437 647 3473 corr.
668 3435 702 3470 ere
720 3417 848 3486 gigantes
867 3418 890 3467 Ρ
914 3411 928 3485 Η
951 3415 968 3468 9
986 3428 1074 3468 auoee
1092 3415 1115 3464 Α
1135 3413 1149 3483 Η
1173 3411 1261 3481 fugie-

160 3509 223 3565 runt
240 3506 289 3558 ΔΡ
307 3500 321 3574 Η
341 3504 375 3559 12
393 3503 552 3574 presepium
570 3508 618 3559 ΑΡ
635 3503 649 3578 Η
668 3504 697 3558 in
716 3506 808 3557 addida·
828 3500 842 3573 Η
861 3503 896 3559 13
913 3501 1021 3573 priores
1038 3502 1087 3553 ΔΡ
1096 3502 1215 3567 auspicor
1232 3498 1262 3552 in

160 3595 274 3652 sinistro
294 3590 382 3663 primo
400 3589 473 3662 pede
492 3596 528 3660 ef.
537 3597 639 3662 Hypios.
652 3597 681 3646 Ρ.
694 3596 726 3648 Δ.
739 3597 786 3644 111
795 3596 830 3644 22
849 3588 863 3661 ΙΙ
883 3591 918 3646 14
930 3591 1028 3659 quarto
1047 3589 1139 3638 addidi
1152 3603 1187 3638 em
1202 3586 1261 3640 Cot.

161 3689 210 3750 XI,
223 3691 256 3736 17
275 3677 377 3752 ὁμοίως
395 3677 437 3731 ἐπ’
458 3671 544 3746 ἄκρας
562 3679 646 3734 αὐτοῦ
663 3678 790 3749 τετάρτου
810 3678 824 3751 ΙΙ
845 3681 968 3733 extremo
980 3676 1085 3731 minore
1098 3691 1110 3726 1
1121 3676 1170 3726 ΔΡ
1181 3671 1194 3744 Η
1214 3690 1261 3729 ex·

159 3774 247 3826 treme
260 3783 350 3832 unam,
370 3766 398 3820 in
412 3782 482 3820 orer
500 3771 596 3835 scripsi
615 3773 649 3838 ef,
666 3768 725 3821 Cat.
741 3771 789 3833 xl,
804 3775 837 3819 16
855 3769 951 3833 Eppia.
965 3766 983 3815 l.
997 3766 1014 3815 1.
1033 3762 1062 3816 in
1080 3778 1128 3816 ore
1145 3777 1228 3817 unum
1248 3760 1262 3833 Η

160 3859 192 3915 15
210 3873 266 3912 non
286 3858 332 3907 ΔΡ
350 3850 363 3923 Η
383 3868 481 3922 magne
499 3859 522 3906 Ρ
540 3853 554 3926 Η
575 3857 609 3911 16
626 3857 732 3908 textum
750 3857 797 3907 ΑΡ
816 3852 829 3924 Η
847 3855 949 3907 testam
967 3854 1063 3917 scripsi
1082 3847 1097 3920 Η
1116 3851 1150 3906 17
1169 3849 1261 3904 clarae

160 3948 245 4002 om.1'
263 3940 276 4013 Η
298 3947 412 4001 ΟΝΟΊ·
425 3947 453 3994 Α
473 3940 485 4014 Η
506 3943 571 3997 onoi
583 3948 606 3995 Ρ
623 3941 636 4014 Η
656 3944 691 3998 18
702 3941 896 4013 presepiuml’
915 3936 928 4011 Η
948 3939 982 3994 21
994 3941 1157 4006 praecedam
1172 3943 1261 3992 Germ.

159 4052 183 4090 u.
197 4041 338 4087 147—166
356 4037 390 4102 of.
409 4040 465 4085 aot.
479 4034 514 4082 ad
529 4035 617 4084 Germ.
631 4031 729 4083 Piraeo.
742 4047 767 4085 u.
782 4037 832 4082 147
852 4025 865 4098 Η
884 4028 920 4083 22
937 4025 1099 4095 intersignis
1111 4030 1160 4080 ΔΡ
1177 4022 1191 4098 ΙΙ
1210 4042 1260 4098 po·

160 4122 230 4177 ritus
250 4123 344 4174 addidi
363 4124 398 4189 cf.
411 4139 437 4187 p.
451 4127 524 4187 aue
543 4114 558 4187 Η
577 4118 612 4173 23
630 4120 724 4188 preter
740 4119 764 4168 Ρ
781 4113 795 4187 Η
816 4114 897 4169 aellei
914 4119 962 4169 ΑΡ
980 4113 993 4186 Η
1013 4113 1167 4189 praeeellet
1183 4115 1260 4175 Vrbi·

160 4228 209 4264 aaa
228 4206 243 4281 Η
263 4208 299 4264 24
316 4207 427 4263 labores
446 4204 497 4262 sed
515 4208 563 4258 ΑΡ
580 4203 595 4277 Η
613 4204 692 4260 labor
710 4206 788 4260 esset
804 4221 817 4258 ε
837 4201 851 4277 Η
