2948 5010
709 412 945 480 -128--

235 591 261 660 S
273 581 460 653 mortalibus
491 582 684 648 auxiliantes
709 582 894 668 prospicere
921 588 1062 667 possent.
1101 586 1309 667 quamobrem
1337 587 1385 654 eis

273 716 459 764 concessum
480 699 529 758 est
549 693 712 758 inmortali
741 692 895 759 memoria
917 691 1054 776 locoque
1076 695 1234 781 constitui,
1258 701 1293 761 ut
1309 695 1383 780 ple·

272 808 381 889 risque
396 802 583 869 mortalibus
606 801 818 889 [auxiliantes]
844 803 978 885 gratiam
995 809 1183 888 conspectus
1199 805 1382 872 exhibeant.

274 937 407 1000 quorum
434 912 522 998 prior
549 912 646 978 habet
668 912 779 978 stellas
802 911 835 976 in
858 912 963 996 capite
985 912 1104 979 claram
1127 937 1154 994 1,
1184 915 1217 979 in
1246 915 1383 1000 singulis

243 1025 414 1092 shumeris
435 1023 578 1105 singulas
602 1023 715 1100 claras,
739 1023 773 1086 in
795 1021 906 1087 dextro
931 1020 1035 1088 cubito
1058 1047 1079 1108 1,
1100 1025 1135 1088 in
1157 1023 1272 1090 eadem
1287 1045 1384 1091 manu

272 1160 293 1217 1,
316 1137 349 1200 in
372 1131 507 1216 singulis
529 1131 664 1216 genibus
687 1131 839 1216 singulas,
862 1133 895 1196 in
918 1130 1052 1216 singulis
1074 1133 1211 1216 pedibus
1226 1134 1383 1219 singulas.

272 1250 346 1312 sunt
373 1262 483 1308 omnes
514 1265 592 1306 vrnr.
630 1241 727 1322 alter,
762 1242 816 1324 qui
842 1261 963 1326 propus
989 1242 1172 1327 appellatur
1198 1244 1296 1309 -is
1329 1243 1384 1327 qui

272 1355 361 1419 iuxta
388 1370 537 1418 canorum
565 1357 613 1417 est
640 1352 808 1417 ——habet
835 1352 944 1418 stellas
966 1352 999 1417 in
1021 1351 1127 1437 capite
1149 1354 1268 1419 claram
1291 1376 1318 1435 1,
1349 1353 1385 1421 in

274 1463 407 1550 singulis
437 1461 585 1527 mamillis
614 1461 771 1543 singulas,
800 1460 833 1525 in
861 1461 988 1528 sinistro
1013 1463 1118 1528 cubito
1142 1486 1179 1543 11,
1206 1463 1241 1529 in
1269 1463 1383 1530 eadem

237 1594 262 1634 ιο
275 1594 372 1640 manu
394 1596 420 1653 1,
442 1572 476 1636 in
498 1571 625 1637 sinistro
648 1592 734 1654 genu
756 1594 777 1656 1,
799 1570 833 1635 in
856 1573 990 1657 singulis
1013 1572 1149 1656 pedibus
1172 1571 1329 1657 singulas,
1350 1574 1385 1638 in

274 1683 401 1750 sinistro
428 1681 513 1766 pede
535 1681 677 1747 ultimam
701 1680 870 1746 distantem
893 1705 919 1761 1,
950 1701 1033 1765 quae
1060 1688 1194 1748 uocatur
1215 1680 1384 1771 πρόπους.

273 1793 352 1858 fiunt
373 1792 502 1858 insimul
524 1816 554 1858 x.
585 1793 618 1857 hi
645 1798 717 1856 sunt
739 1792 820 1857 inter
841 1815 888 1855 xrr
910 1792 1004 1877 signa
1026 1792 1150 1858 zodiaci
1173 1793 1294 1861 circuli.
1325 1793 1386 1862 sed

274 1906 308 1971 in
331 1903 436 1970 medio
461 1903 578 1968 circulo
595 1901 822 1984 aequinoctiali
843 1903 957 1987 tropici
977 1903 1133 1982 hiemalis,
1157 1902 1212 1984 qui
1233 1903 1386 1971 australis

276 2014 466 2100 appellatur,
490 2012 551 2079 sita
574 2017 654 2077 sunt.
703 2048 707 2072 1

237 2146 261 2186 ιε
360 2124 481 2190 Cancer
496 2122 590 2189 astris
606 2121 729 2206 positus
745 2141 816 2187 esse
833 2122 946 2187 dicitur
961 2122 1115 2189 beneficio
1130 2121 1273 2208 Iunonis,
1298 2123 1385 2205 quia,

274 2256 345 2301 cum
366 2234 520 2300 Hercules
544 2253 615 2299 cum
636 2231 742 2316 hydra
763 2230 805 2296 ad
827 2214 948 2299 fontem
969 2232 1151 2299 Lernaeum
1174 2233 1384 2318 depugnaret‚

274 2344 326 2409 hic
349 2363 463 2410 cancer
484 2343 632 2409 Herculis
655 2341 771 2426 pedem
794 2363 901 2408 morsu
923 2342 1144 2428 deprehendit,
1167 2350 1202 2409 ut
1223 2342 1385 2430 Panyasis

237 2553 394 2622 Ghabent
422 2559 530 2620 autem
553 2553 680 2632 stellas,
708 2573 790 2619 unus
812 2553 956 2637 quidem,
987 2556 1041 2638 qui
1068 2556 1194 2622 excedit
1220 2575 1385 2637 cancrum,

274 2666 308 2731 in
331 2664 435 2749 capite
458 2685 564 2748 unam,
588 2663 622 2727 in
645 2662 779 2746 singulis
801 2664 939 2730 humeris
961 2664 1104 2750 singulas
1128 2666 1328 2750 splendidas,
1351 2669 1387 2735 in

236 2791 262 2830 20
274 2795 467 2860 unoquoque
490 2794 575 2857 genu
597 2793 703 2837 unam.
730 2779 803 2838 sunt
824 2772 919 2838 simul
935 2797 964 2837 v.
988 2775 1070 2842 alter
1091 2774 1125 2840 in
1148 2775 1252 2861 capite
1276 2777 1385 2863 splen·

275 2886 386 2952 didam
400 2904 507 2962 unam,
529 2883 710 2947 inhumare
727 2881 854 2948 sinistro
877 2903 983 2965 unam,
1005 2885 1039 2949 in
1054 2885 1190 2966 singulis
1206 2883 1385 2954 femoribus

275 2995 429 3081 singulas,
451 2996 485 3059 in
508 2994 603 3058 dorso
627 3012 694 3057 sex.
725 2999 797 3058 sunt
819 2992 913 3058 simul
934 3017 965 3057 x.

361 3106 517 3170 Cancrum
532 3121 670 3184 namque
685 3100 759 3166 ideo
775 3101 905 3170 fabulae
920 3106 1060 3169 locatum
1081 3104 1163 3167 inter
1178 3107 1268 3170 astra
1283 3105 1385 3186 aiunt,

275 3214 426 3296 quoniam
452 3213 620 3277 Herculem
652 3210 724 3277 aliis
752 3212 961 3279 auxiliantem
990 3218 1022 3279 et
1049 3210 1197 3296 hydriam
1224 3212 1266 3279 de
1293 3212 1386 3281 lente

236 3439 273 3488 S·
310 3439 327 3493 2
347 3440 376 3491 et
389 3435 530 3508 plerisque
543 3438 592 3487 SV
611 3433 623 3504 Η
644 3434 742 3487 locos
763 3432 775 3504 Η
795 3435 813 3490 3
832 3434 999 3488 auxiliantes
1013 3435 1099 3486 delent
1120 3432 1132 3502 Η
1154 3430 1204 3503 g'r‘a
1226 3439 1384 3506 conspectu

274 3524 428 3579 liberantur
439 3527 460 3576 S
480 3522 494 3594 Η
514 3523 557 3576 sui
570 3524 740 3592 conspectus
754 3522 871 3590 gratiam
884 3522 1004 3593 prebent
1020 3523 1088 3587 ch.
1101 3521 1182 3574 schol.
1196 3526 1286 3576 Basll.
1299 3542 1327 3590 ρ.
1338 3533 1384 3593 69,

276 3619 308 3665 12
328 3611 341 3683 Η
363 3614 378 3666 7
397 3613 514 3663 xvrms
534 3607 547 3679 Η
567 3627 596 3660 rx
616 3613 637 3660 V
655 3606 667 3678 Η
687 3608 777 3678 tripus
790 3612 839 3661 SV
858 3608 870 3680 Η
891 3608 1020 3665 satelles
1034 3626 1082 3662 um.
1101 3605 1384 3685 Vll9cubitu81'll

275 3701 308 3754 11
327 3697 436 3753 distans
455 3701 476 3750 S
496 3694 509 3767 Η
535 3697 743 3767 ΟΙΡΗΟΠΟΥΟ
761 3700 782 3749 S
803 3695 816 3767 Η
836 3699 933 3785 tropus
957 3700 979 3746 V
998 3693 1010 3764 Η
1032 3696 1066 3750 13
1084 3694 1219 3764 hyemalis
1242 3701 1266 3750 V
1284 3695 1298 3768 Η
1320 3695 1342 3769 (ἶ
1364 3704 1386 3753 V

276 3800 464 3872 ubidicitur
487 3806 509 3854 V
528 3799 540 3872 Η
560 3803 594 3858 15
612 3801 641 3856 in
660 3801 744 3855 astris
769 3797 823 3871 Vll
844 3789 935 3868 Q¹aS
956 3797 968 3870 Η
991 3800 1015 3872 Q
1038 3797 1092 3870 Vll
1112 3801 1146 3855 16
1164 3798 1233 3869 ydra
1254 3806 1276 3855 V
1294 3799 1308 3873 Η
1329 3802 1382 3857 ler-

274 3904 355 3943 neum
372 3893 422 3944 SV
440 3887 453 3958 Η
474 3891 507 3944 17
525 3888 658 3942 Paniasis
677 3891 726 3940 SV
744 3885 757 3958 Η

239 4065 261 4114 G
309 4065 343 4118 19
360 4060 459 4130 sigalis
481 4059 517 4113 (Η
539 4059 551 4130 Η
573 4059 696 4128 singulas
716 4078 763 4114 cnr.
780 4060 803 4112 (J
823 4056 835 4129 Η
855 4059 891 4114 20
908 4057 1078 4126 υυοᾳιιοᾷθ
1098 4059 1111 4129 Η
1131 4060 1166 4115 22
1184 4063 1383 4137 infrequens„
1419 4100 1422 4107 .

274 4154 363 4218 imapo
385 4146 488 4200 &6⁰6⁶
508 4145 522 4217 Η
543 4145 683 4203 snMINI
702 4147 725 4198 θ
744 4144 758 4217 Η
779 4143 953 4200 caumes
974 4145 1011 4197 Ψ
1032 4143 1045 4214 Η
1064 4145 1100 4201 23
1117 4146 1190 4201 inter
1209 4150 1287 4202 astra
1306 4147 1383 4205 loca-

275 4240 332 4291 tum
353 4232 431 4290 6³6⁶
452 4233 464 4306 Η
485 4236 521 4293 24
539 4235 631 4291 ercule
652 4231 728 4289 papo
749 4232 762 4303 Η
