2948 5010
640 405 852 472 ..86-

194 576 260 642 lion
275 576 360 641 misit
374 575 435 640 uiri
449 575 576 653 fiebant,
597 580 674 656 quot
688 577 812 662 Pyrrha
826 575 974 642 feminae.
1001 597 1064 659 quo
1079 584 1174 662 pacto
1190 598 1302 644 rursus

197 685 357 750 bominum
385 706 486 769 genus
516 705 588 751 esse
615 690 734 770 natum,
766 707 805 751 ex
834 707 895 769 quo
925 706 1040 770 graece
1062 686 1135 752 laoe
1156 687 1302 777 homines

197 801 395 860 uocarentur.
440 797 480 860 ab
515 795 654 879 antiquis
685 796 813 877 quidem
844 795 907 860 dici
935 799 1114 863 Aristaeum
1142 795 1303 878 Apollinis

142 928 147 935 ·
196 904 304 968 tilium.
337 924 435 986 quare
457 904 655 970 nobilitatem
677 904 851 988 possidere.
884 925 977 986 quern
999 906 1115 992 Apollo
1138 903 1238 969 fertur
1261 925 1302 971 ex

174 1013 324 1099 sCyrene
345 1034 549 1097 procreasse,
573 1035 669 1096 quam
692 1015 868 1098 conpressit
889 1016 922 1079 in
944 1021 1051 1081 monte
1074 1014 1217 1098 Orpheo,
1247 1015 1303 1097 qui

198 1122 333 1206 Cyrenis
355 1123 544 1207 appellatur.
567 1124 732 1189 Aristaeus
748 1124 861 1190 dicitur
877 1124 1023 1189 omnibus
1038 1122 1141 1189 modis
1163 1124 1303 1190 artibus·

200 1251 262 1316 que
285 1231 400 1297 adfinis
422 1232 532 1311 fuisse,
556 1234 671 1315 quibus
692 1234 812 1298 artibus
828 1239 952 1300 ceteros
972 1232 1118 1299 homines
1140 1232 1184 1298 ad
1199 1234 1302 1299 bonas

123 1429 126 1436 Ι
198 1341 306 1426 fruges
320 1315 551 1423 utilitatemque
566 1342 772 1425 perducebat.
795 1345 885 1427 isque
901 1364 971 1408 oum
987 1343 1153 1408 caniculae
1176 1343 1301 1427 signum

198 1438 384 1535 pestiferum
407 1450 541 1516 oriretur
563 1457 595 1516 et
616 1453 720 1517 statim
743 1460 930 1538 praesentes
952 1453 1070 1517 fructus
1084 1452 1303 1519 lacerarentur

162 1560 483 1642 1ointerciderentque
506 1561 650 1627 homines
677 1569 733 1626 aut
755 1562 911 1628 diuturnis
932 1562 1051 1627 morbis
1073 1567 1129 1627 aut
1150 1562 1302 1646 pestilen-

198 1672 257 1750 tia,
280 1690 331 1736 res
353 1670 479 1735 diuinas
500 1673 639 1739 maxime
662 1673 733 1739 loni
755 1673 880 1757 parenti
902 1674 1049 1755 Neptuno
1072 1669 1144 1736 aliis
1165 1677 1301 1756 tempes-

199 1781 316 1847 tatibus
340 1788 371 1847 et
391 1781 495 1846 nentis
519 1802 641 1847 summa
665 1782 831 1864 diligentia
854 1801 990 1865 precans
1012 1779 1158 1857 faciebat,
1181 1799 1223 1845 ne
1245 1802 1302 1863 pa

198 1897 337 1958 terentur
352 1911 455 1972 genus
470 1890 631 1955 hominum
647 1892 787 1976 indignis
803 1889 1037 1965 calamitatibus
1053 1889 1158 1955 adfici.
1183 1889 1301 1956 iactum

200 2006 258 2085 est,
280 2007 315 2063 ut
330 2001 370 2065 ab
390 1999 439 2063 his
460 2000 612 2084 inpetrari
634 2003 743 2086 possit.
768 2001 876 2083 itaque
891 1999 986 2065 uenia
1001 1999 1077 2064 data
1099 2000 1302 2066 constitutum

163 2139 186 2176 rs
199 2115 249 2177 est
277 2111 317 2174 ab
349 2109 591 2189 immortalibus,
625 2111 670 2175 uti
700 2116 773 2194 post
810 2110 972 2175 caniculae
1000 2114 1125 2174 exortus
1154 2109 1299 2197 [stellae]

198 2219 284 2284 uenti
306 2219 475 2303 perflarent
497 2221 619 2287 circiter
643 2220 712 2286 dies
734 2244 766 2284 xi
790 2221 921 2303 eiusque
944 2219 1143 2303 pestilentiae
1159 2219 1225 2284 uim
1247 2221 1303 2286 ab·

198 2328 364 2396 sciderant.
418 2337 609 2414 quapropter
637 2329 802 2396 Aristaeus
836 2329 950 2394 dicitur
982 2349 1002 2394 a
1035 2330 1096 2394 diis
1130 2312 1301 2413 splendido

198 2441 269 2504 loco
292 2439 442 2521 dignatus
465 2459 544 2504 esse.
575 2439 761 2521 aquarius
788 2439 886 2504 habet
907 2440 1017 2504 stellas
1038 2439 1071 2503 in
1094 2440 1198 2525 capite
1222 2440 1303 2524 duas

200 2549 365 2632 obscuras,
394 2549 426 2611 in
453 2549 571 2614 umeris
599 2534 747 2631 singulas
770 2556 922 2631 utrasque
949 2549 1088 2633 amplas,
1117 2554 1151 2615 ic
1174 2550 1302 2622 sinistro

160 2681 186 2720 oo
199 2656 304 2722 cubito
330 2677 425 2722 unam
454 2659 584 2736 claram,
610 2663 645 2724 ic
671 2657 782 2723 dextro
812 2658 916 2723 cubito
940 2682 952 2720 r
979 2663 1010 2722 et
1035 2658 1069 2722 in
1096 2680 1192 2725 manu
1213 2683 1240 2744 1,
1269 2659 1303 2724 in

197 2767 341 2831 mammis
362 2767 513 2851 singulas,
536 2771 571 2832 ic
593 2767 705 2834 dextro
729 2788 819 2833 crure
841 2767 892 2831 †in
913 2767 1047 2851 pedibus
1070 2769 1215 2855 singulas
1228 2766 1302 2843 ⁸cla-

199 2941 215 2994 1
235 2938 309 3009 quod
328 2943 375 2990 ΔΡ
393 2936 406 3007 Η
427 2942 495 3008 quot
512 2942 609 3005 scripsi
629 2937 642 3007 Η
668 2955 749 3009 pyrra
766 2945 790 2992 Ρ
812 2939 825 3010 Η
851 2939 951 3010 femine
970 2944 992 2992 P
1014 2940 1027 3010 Η
1052 2957 1158 2995 rursum
1176 2945 1199 2992 P
1218 2939 1232 3012 Η
1251 2942 1268 2996 2
1286 2947 1302 2994 e

198 3029 325 3079 senatum
337 3031 363 3079 A
383 3024 397 3096 Η
417 3029 461 3078 est
479 3029 573 3078 natum
590 3031 613 3078 P
630 3023 643 3096 Η
664 3041 747 3094 grece
766 3033 788 3079 P
807 3027 819 3096 Η
839 3027 903 3081 luoe
916 3031 939 3078 Ρ
956 3025 970 3097 Η
990 3029 1008 3082 3
1026 3028 1158 3081 aristeum
1170 3031 1193 3080 A
1213 3026 1229 3100 Η
1248 3028 1301 3082 ari-

199 3112 307 3166 sthenm
319 3117 342 3164 P
360 3111 375 3180 Η
393 3112 411 3167 4
424 3112 508 3166 filium
528 3113 635 3185 aquarii
648 3115 787 3169 bacheler.
803 3113 816 3185 Η
836 3115 983 3170 nobilitate
996 3118 1042 3167 ΔΡ
1053 3119 1159 3169 correct
1179 3114 1192 3186 Η
1212 3117 1303 3187 beyr-

197 3215 266 3253 reno
285 3204 305 3250 A
329 3198 342 3270 Η
362 3215 513 3269 cyrreanea
530 3206 553 3253 P
572 3199 584 3271 Η
604 3216 750 3271 procreare
769 3207 817 3255 ΑΡ
833 3201 848 3274 Η
869 3203 1035 3272 compressit
1053 3207 1076 3254 P
1093 3202 1106 3272 Η
1127 3205 1143 3258 6
1163 3203 1304 3258 aristheas

198 3290 219 3338 Δ
242 3284 254 3356 Η
275 3286 427 3342 Aristbeus
446 3292 469 3340 P
486 3285 500 3359 Η
521 3287 667 3355 homnibus
686 3291 708 3339 P
727 3286 739 3358 Η
760 3290 776 3344 7
795 3291 881 3344 ceteri
894 3294 1019 3343 APeorr.
1037 3291 1150 3343 Vrbicus
1170 3288 1184 3360 Η
1203 3293 1221 3346 9
1239 3307 1303 3362 per·

198 3391 354 3447 stifernmA
368 3389 381 3462 Η
395 3395 541 3462 presentes
551 3397 574 3445 P
586 3392 600 3463 Η
615 3394 648 3448 10
661 3366 795 3458 dintdrnis
804 3397 827 3444 P
839 3391 853 3463 Η
866 3394 989 3449 moribus
1000 3399 1048 3447 ΑΡ
1060 3392 1073 3465 Η
1087 3395 1191 3450 morbis
1204 3401 1303 3464 scripsi

198 3477 212 3549 Η
227 3481 275 3549 aut
287 3478 451 3549 pestilentia
463 3482 503 3532 bis
516 3485 538 3531 P
549 3489 617 3532 teste
630 3497 642 3532 s
663 3477 676 3549 Η
696 3481 729 3534 11
742 3479 783 3532 rei
797 3478 889 3532 diuine
902 3486 949 3533 ΑΡ
962 3481 975 3552 Η
989 3498 1033 3536 res
1047 3481 1156 3536 dininas
1168 3486 1266 3552 scripsi
1287 3482 1302 3556 Η
1335 3476 1337 3481 ’

197 3566 269 3620 iouis
287 3568 430 3636 parentem
448 3571 495 3618 ΑΡ
513 3565 526 3636 Η
546 3567 608 3620 Ioni
625 3567 734 3637 parenti
751 3570 847 3633 scripsi
867 3566 880 3637 Η
906 3569 940 3623 12
958 3583 1093 3639 praecans
1112 3569 1265 3625 facebatd
1288 3571 1302 3642 Η

197 3656 362 3723 parentum
385 3651 398 3722 Η
418 3653 453 3708 14
469 3652 503 3706 ab
522 3653 557 3707 iis
571 3656 594 3705 Α
608 3663 676 3706 teste
690 3658 788 3707 Kiessl.
809 3651 822 3725 Η
841 3654 997 3726 inperariA
1020 3656 1033 3726 Η
1054 3659 1122 3725 quood
1141 3651 1223 3710 aerbo
1242 3658 1302 3713 tsc-

197 3743 253 3793 tum
266 3741 403 3810 -possit
419 3745 447 3793 ic
465 3745 503 3809 fr.
517 3744 608 3808 Nipid.
624 3760 649 3809 p.
664 3749 695 3792 41
716 3745 882 3808 caeciderunt,
901 3745 955 3794 inm
973 3745 1067 3796 dadam
1085 3748 1199 3796 acimum
1216 3763 1304 3801 meum

197 3831 274 3880 accit
288 3826 302 3899 Η
317 3828 496 3881 constitutum
510 3831 539 3881 et
548 3828 586 3881 'ab
596 3831 642 3878 ΑΡ
654 3825 668 3899 Η
682 3828 716 3883 15
728 3828 919 3882 inmortalibus
932 3833 954 3880 P
965 3827 981 3899 Η
993 3847 1012 3900 p
1026 3834 1073 3882 ΑΡ
1085 3829 1099 3899 Η
1113 3833 1180 3900 post
1189 3834 1302 3887 Bitctet.

198 3912 212 3986 Η
231 3919 355 3969 exortum
374 3919 442 3968 idem
463 3913 476 3985 Η
497 3915 596 3971 stellae
616 3919 702 3966 deleat
716 3925 824 3968 erectore
837 3917 977 3970 Bccleler.
998 3917 1013 3987 Η
1033 3919 1066 3972 17
1085 3917 1225 3973 aristheas
1243 3924 1267 3971 Ρ
1285 3918 1301 3993 Η

198 4005 246 4058 alii
258 4009 304 4057 ΑΡ
315 4003 328 4075 Η
343 4021 360 4057 a
373 4003 426 4057 diis
439 4007 536 4071 scripsi
556 4002 569 4073 Η
590 4001 736 4074 splendide
750 4001 773 4056 lc
785 4002 847 4056 loco
860 4006 908 4054 ΔΡ
925 4001 938 4074 Η
959 4005 1106 4077 splendido
1125 4005 1188 4059 loco
1201 4013 1303 4076 scripsi

199 4094 212 4164 Η
227 4091 391 4166 splendidae
405 4090 504 4145 stellae
517 4091 580 4145 loco
594 4091 732 4144 nociores.
756 4089 769 4161 Η
789 4092 822 4146 19
835 4091 987 4162 singulisA
1009 4090 1022 4164 Η
1042 4094 1078 4149 20
1089 4109 1144 4146 una
1157 4092 1268 4149 clareat
1286 4096 1301 4168 Η

196 4182 225 4235 in
243 4183 284 4234 tic
296 4185 323 4234 io
336 4183 411 4247 infra
425 4181 517 4232 addidi
536 4177 550 4250 Η
570 4181 600 4231 et
617 4197 666 4232 om.
679 4183 702 4231 P
719 4178 732 4249 Η
752 4180 785 4236 21
799 4189 859 4248 post
876 4196 954 4235 crure
967 4190 1065 4248 septem
1077 4184 1217 4236 stellarum
1231 4203 1301 4238 eao-

198 4273 310 4323 mcrotr'o
330 4269 460 4322 eccidisse
478 4270 584 4320 uidetur
602 4265 616 4337 Η
646 4272 651 4293 ·
