2948 5010
676 415 891 480 -m-

227 585 438 670 Prognostica
452 584 671 670 migranimus,
680 605 759 655 ,non
774 584 931 669 estquod,
949 583 1003 667 qui
1018 590 1149 651 auctore
1163 587 1333 669 Rntgersio

228 702 303 771 Var.
318 705 405 769 Lect.
421 702 489 771 11¹9
504 723 535 786 p.
551 707 611 770 122
622 723 670 787 sq.
704 703 933 770 Phaenomena
955 722 975 766 a
994 701 1187 768 Germanico
1210 704 1335 770 abiudin

228 840 300 887 care
322 827 485 900 conantur,
508 841 623 887 uersus
643 827 823 892 558-560
845 820 939 902 quasi
958 818 1057 884 telum
1078 820 1239 902 quoddam
1260 843 1335 906 pro-

224 937 367 1017 tendant,
390 938 436 1003 uti
458 957 586 1004 carmen
607 957 648 1003 ne
671 938 746 1002 uiuo
774 937 902 1020 quidem
917 937 1062 1018 Augusto
1086 936 1238 1021 scriptum
1260 959 1333 1008 esse

226 1057 360 1139 probent
382 1055 450 1121 siue
472 1055 553 1120 illud
570 1058 707 1144 genitali
719 1080 847 1142 corpore
861 1079 984 1131 namen,
1007 1055 1094 1136 quod
1116 1061 1164 1121 est
1185 1057 1218 1121 in
1235 1076 1333 1124 uersu

225 1178 298 1251 558,
320 1173 363 1237 ad
385 1179 519 1239 mortem
533 1173 677 1256 Augusti,
703 1172 789 1256 quod
812 1192 883 1239 esse
905 1191 1018 1238 uerum
1040 1171 1175 1253 uidetur,
1199 1173 1268 1241 siue
1290 1175 1333 1241 ad

224 1291 349 1357 natales
366 1292 435 1357 eius
450 1291 601 1358 referunt.
637 1311 710 1356 nam
725 1291 871 1358 uersibus
886 1291 1135 1357 Phaenomenon
1149 1296 1213 1359 444
1225 1298 1257 1357 et
1268 1298 1332 1362 445

224 1407 438 1493 Prognostica
459 1408 621 1492 designari
644 1428 747 1492 eaque
769 1415 841 1493 post
858 1410 1085 1487 Phaenomena
1108 1413 1139 1472 et
1160 1408 1279 1491 scripta
1302 1417 1334 1475 et

225 1524 313 1591 edita
337 1545 407 1592 esse
429 1524 633 1591 manifestum
656 1531 713 1591 est.
749 1499 830 1591 etsi
852 1545 916 1608 qua
934 1524 1013 1590 fides
1030 1531 1079 1590 est
1094 1524 1257 1591 codicibus
1271 1527 1332 1592 Ba-

224 1642 354 1709 sileensi
378 1652 409 1710 et
430 1642 593 1721 Parisino,
624 1664 663 1710 ex
690 1644 924 1729 subscriptione
951 1641 1116 1724 utriusque
1137 1642 1210 1707 libri
1233 1649 1264 1707 et
1285 1643 1331 1708 in-

224 1759 394 1843 scriptione
415 1760 552 1826 Parisini
574 1782 639 1826 non
660 1762 798 1846 amplius
820 1760 959 1825 dubitari
986 1759 1094 1844 debet,
1122 1758 1199 1842 quin
1220 1768 1331 1827 auctor
1449 1856 1452 1860 Δ

224 1877 372 1943 carminis
399 1878 552 1944 Claudiae
580 1878 687 1959 gentis
713 1878 822 1961 fuerit,
853 1898 917 1942 non
944 1878 1086 1942 Flauiae.
1127 1878 1198 1961 ipso
1225 1877 1330 1943 Phae-

223 2015 384 2061 nomenon
408 1995 539 2059 exordio
562 1994 749 2076 delegamur
771 1996 815 2060 ad
836 2015 951 2059 aeuum
969 1995 1117 2076 Augusti.
1152 2014 1331 2078 ecquonam

221 2117 365 2197 tempore
393 2112 552 2177 terrestris
580 2113 772 2196 naualisque
802 2133 866 2196 pax
893 2132 913 2177 a
935 2114 1077 2177 Romano
1100 2119 1197 2196 poeta
1224 2113 1329 2197 aptius

222 2230 377 2295 celebrari
398 2231 501 2314 potuit
523 2251 619 2313 quam
643 2235 749 2296 aetate
772 2214 923 2313 Augusti,
947 2249 1011 2312 quo
1033 2229 1210 2314 imperante
1231 2232 1330 2298 lanus

222 2368 261 2412 ex
283 2368 367 2412 anno
391 2368 420 2413 a.
445 2368 475 2412 u.
499 2368 525 2412 c.
549 2354 611 2417 519
634 2348 770 2432 primum
793 2346 920 2411 clausus
944 2351 1005 2422 est,
1029 2365 1091 2427 quo
1114 2345 1257 2430 principe
1278 2349 1329 2414 Ia-

220 2486 295 2529 num
311 2465 488 2548 Quirinum,
512 2470 546 2529 ut
561 2465 631 2548 ipse
647 2463 858 2530 monumentis
872 2462 1045 2548 Ancyrano
1061 2469 1092 2528 et
1106 2463 1329 2547 Apolloniensi

218 2583 413 2666 promulgari
428 2582 530 2666 iussit,
550 2587 597 2647 ter
612 2587 742 2646 senatus
757 2579 971 2646 claudendum
987 2600 1057 2646 esse
1074 2581 1219 2647 censuit?
1242 2586 1329 2665 quod

220 2704 422 2783 poetarum,
446 2700 497 2765 cui
517 2717 645 2764 carmen
660 2697 830 2776 dedicauit,
853 2697 1028 2779 genitorem
1053 2718 1145 2763 suum
1168 2718 1266 2782 seque
1281 2704 1329 2787 ip-

220 2837 290 2882 sum
312 2817 368 2883 illo
392 2824 501 2883 natum
528 2817 706 2901 praedicat,
737 2816 799 2882 hoc
825 2836 928 2899 neque
949 2814 1095 2898 Augusto
1124 2836 1228 2900 neque
1252 2819 1327 2884 Ger-

219 2935 343 2999 manico
368 2936 505 3012 obstare,
527 2934 604 2998 mihi
626 2941 852 3018 persuaserunt
872 2934 1049 3000 Merkelius
1071 2935 1105 3001 in
1126 2937 1198 3000 Ibin
1220 2957 1251 3020 p.
1264 2944 1326 3007 379

134 3032 138 3039 ’
221 3057 253 3117 et
266 3051 417 3115 Imhofius
432 3049 604 3115 Domitian.
621 3071 652 3134 p.
669 3056 725 3118 131
737 3071 807 3134 sqq.
830 3052 968 3135 denique
983 3051 1064 3115 illu'd
1073 3077 1147 3138 pecc
1162 3068 1224 3136 tac,
1242 3061 1327 3137 quod

218 3170 407 3252 Rutgersins
423 3169 466 3234 ad
481 3168 715 3253 Vespasianum
736 3175 768 3236 et
789 3171 823 3235 id
846 3170 933 3253 quod
954 3169 995 3236 ab
1019 3189 1058 3235 eo
1075 3171 1235 3238 conditum
1258 3176 1326 3244 fue-

218 3288 259 3352 rit
280 3287 374 3352 Pacis
402 3286 554 3371 templum
582 3285 695 3352 referri
717 3288 833 3366 uoluit,
863 3289 906 3353 ad
932 3307 1021 3353 aram
1043 3286 1136 3354 Pacis
1158 3295 1326 3376 Augustae

218 3424 302 3469 anno
322 3423 351 3471 a.
368 3426 400 3468 u.
417 3409 477 3472 141
502 3402 682 3469 dedicatam
705 3405 760 3490 (cf.
782 3425 833 3471 res
855 3409 936 3486 gest.
952 3406 1016 3470 diu.
1030 3408 1113 3491 Aug.
1130 3412 1180 3474 ed.
1195 3414 1327 3480 Momm-

175 3509 180 3517 ’
218 3540 285 3587 sen.
300 3523 330 3586 Π
345 3527 385 3590 37
400 3541 431 3604 p·
446 3522 500 3605 31)
525 3520 723 3587 referendum
741 3541 812 3588 esse
829 3522 962 3591 uidetur.
985 3523 1122 3589 Claudio
1137 3525 1235 3608 igitur
1246 3531 1327 3600 an-

218 3657 291 3705 sare
307 3639 506 3723 Germanico,
522 3639 621 3704 Drusi
635 3639 711 3719 filio,
734 3646 862 3706 auctore
877 3642 1066 3706 Arateorum
1080 3646 1260 3713 renuntiato
1275 3670 1327 3716 re-

219 3755 352 3822 deamus
375 3756 416 3821 ad
441 3756 581 3823 codices.

303 3991 482 4057 Secundum
505 3992 784 4075 interpolationum
803 4009 924 4076 genera
944 3999 1008 4059 tres
1031 3994 1175 4060 codicum
1196 4000 1324 4070 ordines

219 4109 445 4174 constituimus.
480 4129 519 4174 ac
540 4108 634 4192 primi
657 4110 786 4192 quidem
801 4111 922 4176 ordinis
938 4111 1140 4193 omniumque
1162 4124 1324 4197 praestan·

218 4225 332 4291 tissimi
353 4225 388 4290 hi
409 4230 483 4291 sunt
504 4226 591 4290 libri:
718 4218 724 4231 ’
