2948 5010
629 400 776 491 ..238
818 436 862 449 ..

190 572 276 653 quod
298 572 383 637 oiroa
403 577 521 637 terram
544 590 616 637 esse
638 570 776 637 uidetur.
800 569 901 635 habet
922 570 1034 661 stellas
1055 571 1090 634 in
1103 569 1211 653 prima
1234 567 1307 633 aoie

192 704 238 765 111,
261 682 294 744 in
310 681 511 759 secundam,
534 681 567 744 in
583 681 732 745 tertiam
748 699 851 761 usque
872 679 916 745 ad
936 680 1129 745 nouissimos
1144 702 1201 762 vn,
1226 698 1308 761 quas

194 789 304 855 dieunt
325 809 414 855 more
436 790 502 856 Nili
523 789 612 854 fluuii
633 809 715 855 esse.
739 774 813 854 sunt
836 810 947 855 omnes
969 812 1035 853 xvr.

287 903 396 967 Ventre
418 903 475 965 sub
497 898 653 987 aepoeeri]
677 926 707 966 u.
730 903 790 965 381

176 1032 188 1068 s
282 1009 384 1074 Piscis
399 1029 545 1093 magnus,
569 1009 625 1092 qui
641 1014 673 1074 et
687 1015 796 1074 auster
818 1008 941 1074 dioitm.
964 1007 1188 1091 aoaprioorno
1206 1025 1306 1087 usque

194 1118 237 1183 ad
261 1117 365 1200 pisces
388 1117 460 1182 eius
481 1118 649 1201 longitudo
672 1118 878 1204 protenditur.
907 1117 962 1199 qui
984 1115 1129 1181 subiacet
1149 1122 1184 1181 et
1205 1134 1306 1197 aqua·

193 1227 240 1293 rio
264 1233 295 1292 et
316 1227 448 1310 suscipit
470 1229 540 1294 eius
562 1230 758 1294 effusionem.
792 1228 891 1294 habet
912 1227 1022 1292 stellas
1043 1248 1099 1304 xn,
1124 1245 1165 1291 ex
1191 1225 1307 1309 quibus

194 1358 260 1402 una
292 1337 390 1402 fertur
420 1356 492 1403 esse
518 1339 630 1403 subtus
657 1336 756 1420 pedes
785 1338 910 1418 aquarii
941 1344 974 1402 et
1000 1342 1065 1400 tres
1086 1336 1120 1399 in
1141 1334 1308 1400 branohiis

198 1447 276 1510 eius.
300 1446 391 1529 ipsae
414 1451 521 1510 autern
544 1446 699 1512 clariores
721 1466 793 1512 esse
815 1452 998 1512 noscuntur.

158 1575 186 1614 10
284 1556 458 1621 Fundentt's
481 1556 600 1643 latices]
623 1584 654 1622 a.
677 1559 734 1621 391
807 1638 810 1645 Ι

279 1665 440 1747 Aquarius
454 1666 553 1731 habet
568 1666 602 1730 in
616 1665 721 1750 eapite
745 1665 856 1730 stellas
878 1666 1032 1731 obseuras
1054 1687 1088 1742 11,
1110 1664 1145 1728 in
1166 1668 1304 1745 utroque

194 1793 305 1839 umero
328 1798 352 1852 1,
375 1776 407 1839 in
431 1781 566 1860 utroque
590 1776 696 1840 oubito
720 1773 922 1857 splendidam
944 1799 967 1857 1,
989 1774 1022 1838 in
1046 1774 1179 1839 summis
1202 1772 1304 1852 mani-

196 1885 255 1949 bus
277 1908 298 1968 1,
321 1906 379 1969 per
401 1886 545 1967 singulas
567 1885 727 1951 mamillas
750 1908 770 1962 1,
794 1885 905 1948 subtus
929 1872 1092 1948 mamillas
1116 1902 1157 1947 ex
1171 1887 1306 1963 utraque

196 1999 286 2081 parte
309 2018 334 2073 1,
363 1995 396 2058 in
426 1995 554 2059 sinistro
577 1994 686 2060 lumbo
708 2017 734 2077 1,
764 1992 798 2057 in
819 1998 954 2076 utroque
973 2013 1064 2075 ,genu
1084 2016 1111 2070 1,
1138 1992 1173 2056 in
1195 1990 1307 2054 dextra

195 2102 275 2167 tibia
288 2126 310 2176 1,
333 2103 366 2168 in
382 2103 517 2188 singulis
532 2102 668 2188 pedibus
684 2126 704 2167 1.
728 2108 801 2167 sunt
824 2120 935 2167 omnes
950 2125 1040 2165 xvrn.
1066 2100 1183 2166 effusio
1199 2104 1308 2163 autem

195 2232 300 2295 aquae
322 2214 356 2278 fit
378 2213 491 2277 dextra
505 2214 672 2295 laeuaque,
694 2213 727 2276 'm
750 2231 814 2294 qua
828 2234 852 2274 11
866 2211 1058 2295 splendidae
1073 2218 1158 2290 sunt,
1183 2214 1307 2275 ceterae

197 2341 274 2386 uero
298 2323 463 2388 obscurae.

232 2494 249 2547 3
268 2511 330 2548 κω]
344 2498 367 2545 Β
388 2492 403 2562 ll
423 2496 440 2548 8
457 2493 569 2547 braneis
583 2499 607 2546 Β
630 2491 643 2561 Η
663 2495 680 2547 9
698 2493 760 2562 ipse
773 2497 797 2544 Β
818 2488 836 2561 ll
852 2508 917 2546 esse
937 2493 1039 2547 ceteris
1058 2495 1212 2547 noscuntur
1227 2491 1307 2542 sctol.

197 2600 307 2648 Strozz.
320 2617 347 2663 p.
360 2605 418 2662 176,
431 2606 463 2648 15
484 2596 496 2667 Η
518 2598 554 2652 16
569 2596 699 2664 leuaq.B
722 2595 733 2665 Η
755 2596 783 2648 in
803 2612 858 2665 quo
870 2636 874 2645 .
886 2573 912 2652 ri.
929 2594 1077 2665 splendide
1090 2599 1115 2646 B
1136 2594 1148 2664 ΙΙ
1169 2597 1198 2645 io
1212 2597 1306 2644 laem

197 2692 259 2750 post
278 2689 367 2736 now
385 2685 449 2736 laec
461 2693 536 2736 suot:
555 2683 661 2752 Aquila
678 2682 764 2736 habet
782 2684 810 2736 in
828 2682 901 2753 pede
921 2682 1032 2735 stellam
1050 2700 1068 2746 r,
1087 2682 1116 2734 in
1134 2680 1227 2734 medio
1247 2695 1307 2733 eor·-

198 2761 265 2840 pore
280 2772 426 2825 obscuram
441 2791 458 2836 1,
478 2772 506 2824 in
519 2775 610 2824 rostro
625 2771 762 2840 superiori
777 2787 796 2834 1,
814 2770 844 2823 in
858 2769 1008 2836 subteriori
1022 2786 1040 2825 1.
1066 2773 1132 2823 sunt
1144 2784 1243 2823 omnes
1256 2784 1307 2819 1111.
