2948 5010
602 458 818 503 ...ΥΠ-

159 607 320 693 pioneque
343 607 544 692 scorpionem
571 607 673 674 solum
700 609 842 692 potuisse
870 609 948 688 diei,
977 615 1083 674 tamen
1111 611 1172 676 hoc
1199 631 1266 676 non

161 725 408 791 condonandum
430 724 489 791 erit
509 731 626 810 poetae
648 727 864 792 astronomiae
885 726 1092 810 peritissimo,
1122 729 1175 810 qui
1197 729 1264 793 ubi-

161 863 222 924 que
245 842 504 908 dodecatemoria
524 844 701 928 scorpionis
724 847 755 907 et
776 843 877 908 librae
899 843 1069 928 diligenter
1085 844 1266 910 distinxerit

160 965 192 1025 et
213 960 322 1042 paullo
345 968 420 1026 ante
442 981 472 1024 u.
489 966 551 1030 548
567 981 614 1043 sq.
638 960 708 1025 eius
729 959 776 1025 rei
798 960 983 1026 meminerit.
1017 963 1124 1045 itaque
1147 961 1266 1044 quina

160 1077 259 1142 sciolo
287 1077 516 1161 interpolatore
541 1077 672 1161 profecti
701 1077 764 1142 sint
788 1077 823 1141 hi
849 1096 979 1162 uersus,
1010 1078 1117 1144 nullus
1143 1078 1263 1145 dubito.

160 1195 208 1260 his
230 1195 327 1276 igitur
349 1194 475 1260 duobus
496 1195 574 1260 loeis
597 1195 743 1260 homines
764 1195 848 1260 male
863 1194 968 1260 seduli
986 1194 1202 1281 archetypum,
1226 1216 1266 1262 ex

161 1332 222 1393 quo
238 1312 506 1396 praestantissimi
521 1313 620 1377 nostri
636 1312 761 1378 codices
777 1311 927 1394 descripti
944 1317 1033 1396 sunt
1051 1319 1265 1398 corruperunt.

160 1430 274 1495 ceteris
296 1435 403 1494 autem
425 1430 586 1510 omnibus,
614 1431 730 1512 quibus
753 1411 857 1495 r'eferti
880 1435 954 1494 sunt
975 1429 1092 1512 reliqui
1112 1430 1196 1511 libri,
1219 1431 1265 1496 in·

159 1545 421 1630 terpolationibus
442 1548 600 1612 immunes
623 1553 806 1613 manserunt
827 1546 1023 1613 Basileensis
1041 1553 1072 1612 et
1086 1546 1264 1614 Parisinus.

243 1664 311 1728 Nee
333 1664 437 1728 minus
459 1670 578 1730 temere
601 1671 734 1748 egerunt
756 1667 799 1743 ei,
829 1664 883 1745 qui
904 1664 960 1729 ubi
983 1664 1192 1731 Germanicus
1214 1666 1262 1731 eis

160 1777 346 1844 satisfacere
367 1801 431 1845 non
449 1781 616 1846 uidebatur
631 1783 683 1846 uel
699 1779 743 1846 ad
757 1782 916 1847 Auienum
939 1780 1151 1864 confugerunt
1173 1789 1205 1849 et
1225 1803 1265 1848 ex

159 1896 227 1962 eius
248 1897 483 1965 Phaenomenis
506 1904 537 1963 et
552 1897 768 1982 Prognostieis
791 1899 1014 1981 quodcumque
1036 1899 1185 1981 placebat
1198 1880 1265 1965 ‘suo

158 2021 274 2098 poetae
289 2015 492 2081 uindicarunt
506 2035 620 2098 neque,
642 2020 676 2078 ut
691 2034 743 2080 res
758 2015 891 2095 ferebat,
912 2017 1178 2083 contaminatione
1193 2017 1267 2082 abs·

159 2134 319 2198 tinuemnt
345 2133 399 2198 uel
426 2137 534 2216 spreto
560 2132 684 2197 Auieno
712 2132 857 2215 pluribus
883 2134 963 2200 loois
996 2154 1110 2200 uersus
1138 2132 1177 2197 de
1206 2151 1264 2197 suo

160 2251 360 2317 addiderunt.
398 2249 459 2315 hoo
490 2255 540 2315 est
568 2250 702 2315 alterum
731 2250 1010 2334 interpolationum
1033 2268 1150 2332 genus,
1179 2248 1274 2331 quod¹

159 2373 400 2452 repraesentant
420 2367 576 2432 Susianos
597 2368 651 2432 uel
666 2367 833 2433 Leidensis
855 2367 1027 2433 Beroensis
1041 2367 1265 2432 Einsidlensis.

158 2491 253 2555 babet
273 2487 357 2552 enim
373 2486 527 2551 Susianos
545 2491 625 2550 teste
643 2485 753 2550 Grotio
770 2486 1008 2568 quatuordeeim
1023 2504 1135 2551 uersus
1149 2483 1267 2549 Auieni

160 2613 219 2677 371
237 2611 299 2675 372
315 2610 378 2672 376
393 2609 455 2672 377
472 2609 534 2672 378
550 2609 613 2672 383
632 2608 696 2672 384
716 2609 778 2672 388
797 2609 860 2672 389
879 2610 943 2672 390
963 2609 1024 2672 749
1047 2607 1107 2671 747
1125 2607 1185 2670 748
1204 2606 1265 2670 750

160 2724 212 2812 [cf.
236 2723 343 2788 adnot.
364 2720 406 2786 ad
427 2721 577 2786 German.
600 2741 630 2785 u.
649 2725 709 2789 146
726 2727 758 2786 et
773 2720 864 2808 3421,
893 2721 1014 2787 habent
1035 2717 1210 2785 Beroensis
1234 2720 1266 2782 et

158 2839 372 2908 Einsidlensis
394 2837 621 2922 quadragenos
643 2842 824 2919 quaternos,
837 2854 923 2903 'nam
944 2842 1070 2921 praeter
1090 2835 1165 2900 illos
1188 2856 1265 2917 qua-

159 2958 335 3024 tuordeeim
349 2976 463 3022 uersus
478 2956 616 3021 Susiano
639 2955 784 3021 adiectos
805 2948 962 3038 praebent
977 2974 1017 3018 ex
1030 2954 1146 3018 Auieni
1161 2953 1266 3020 Phae·

153 3075 305 3141 'nomenis
326 3093 439 3141 uersus
460 3079 522 3142 373
540 3078 572 3139 et
586 3080 649 3143 374
673 3073 729 3160 [of.
752 3074 862 3138 adnot.
885 3073 930 3138 ad
952 3070 1103 3137 German.
1126 3093 1157 3135 u.
1175 3071 1264 3158 1461,

159 3214 200 3260 ex
218 3193 433 3278 Prognostiois
454 3211 567 3258 uersus
582 3197 752 3261 415—436
774 3197 837 3259 443
860 3197 925 3259 444
944 3196 1007 3258 447
1030 3195 1094 3259 544
1116 3195 1178 3260 551
1201 3194 1278 3258 552-

161 3316 211 3402 [ct.
229 3313 335 3379 adnot.
359 3314 403 3378 ad
424 3312 538 3398 fragm.
561 3313 577 3375 I
598 3311 664 3399 55].
691 3311 754 3375 iam
777 3331 817 3376 ex
839 3309 1021 3375 Germanici
1042 3291 1140 3374 uersu
1158 3313 1217 3377 148
1234 3315 1266 3372 et

159 3438 222 3502 370
243 3409 360 3497 Auieni
382 3430 617 3496 contaminatus
639 3434 688 3495 est
708 3427 761 3493 hic

287 3564 321 3616 ot
341 3552 443 3636 copiti
461 3551 610 3613 suberant
628 3549 751 3634 pomini
765 3547 947 3632 prolemque
969 3548 1107 3610 torrentis

159 3690 253 3753 quem
275 3673 404 3734 seruant
424 3666 472 3729 illi
493 3672 559 3730 tres
581 3664 709 3729 codices
740 3663 790 3750 [of.
813 3663 920 3728 adnot.
941 3663 983 3729 ad
1003 3661 1109 3728 Germ.
1131 3684 1162 3726 u.
1180 3661 1264 3746 1461.

159 3788 237 3872 ipsis
259 3792 364 3852 autem
386 3782 676 3868 interpolatoribus,
698 3779 733 3844 id
756 3780 928 3864 quodiam
951 3781 1009 3846 alii
1033 3781 1189 3858 uiderunt,
1211 3777 1265 3843 de-

158 3907 251 3971 betur
272 3920 386 3969 uersus

287 4045 344 4085 oro
356 4020 528 4105 frementis
547 4020 659 4084 abdiae
681 4034 715 4085 tu
736 4022 856 4106 respice
868 4020 959 4106 forte
980 4021 1085 4083 uiator

159 4140 214 4222 qui
235 4143 308 4223 post
322 4136 438 4203 Auieni
455 4155 589 4201 uersum
605 4141 669 4206 390
690 4137 808 4218 legitur
828 4136 861 4201 in
883 4156 946 4201 uno
970 4135 1080 4201 codice
1095 4130 1264 4210 Bemensi;

159 4257 301 4344 ipsorum
322 4255 434 4342 pingui
456 4254 620 4322 Mineruae
642 4255 798 4323 debentur
820 4272 934 4322 uersus
954 4251 1049 4318 buius
1070 4256 1167 4318 notae
