2948 5010
632 419 865 486 ..236-

196 595 395 672 persecutam
419 590 614 654 arbitrantur
636 593 849 669 uooatamque
864 585 1033 651 Electram.
1058 584 1206 648 nonnulli
1228 604 1305 650 uero

196 699 349 782 Meropen
381 718 454 764 esse
482 703 663 780 autumant,
693 713 778 779 quae
807 715 828 758 a
856 694 996 774 quodam
1022 697 1120 774 nupta
1143 695 1305 758 nominato

197 808 238 871 sit
261 807 453 891 Ypodamia.

175 905 177 909 ⁷
284 917 400 980 Contra
422 929 540 1001 spectat
560 913 662 1000 auem]
687 938 717 977 a.
739 915 799 976 275

171 1040 184 1078 ⁵
282 1024 368 1108 Lyra
395 1023 495 1089 habet
523 1023 635 1087 stellas
661 1021 694 1084 iu
723 1025 858 1102 utroque
882 1017 1006 1102 pectine
1032 1039 1058 1094 1,
1092 1016 1126 1081 in
1160 1017 1305 1100 singulos

196 1131 330 1214 pedales
351 1155 376 1209 1,
404 1134 437 1195 in
461 1130 591 1197 modulo
615 1154 640 1205 1,
667 1131 702 1192 in
724 1134 858 1210 utroque
880 1145 988 1190 umero
1012 1148 1038 1199 1,
1069 1125 1102 1188 in
1123 1125 1201 1210 iugo
1225 1149 1251 1202 1,
1272 1125 1303 1188 in

196 1247 351 1325 tympano
375 1240 580 1325 splendidam
601 1244 697 1319 atque
713 1226 884 1303 eandidam
907 1259 927 1298 1.
951 1239 1024 1298 sunt
1047 1254 1160 1298 omnes
1182 1256 1262 1296 vnn.

282 1351 452 1415 Denterior
474 1346 577 1433 iurata]
599 1372 630 1411 u.
653 1350 719 1412 282
887 1430 892 1442 ἱ

285 1456 416 1541 Cygnus
438 1456 538 1521 habet
560 1454 684 1519 stellam
706 1456 740 1518 in
762 1454 865 1537 eapite
888 1453 1090 1536 splendidam
1112 1476 1137 1530 1,
1166 1452 1200 1515 in
1223 1451 1302 1515 eollo

162 1585 188 1624 ro
200 1564 401 1648 splendidam
424 1590 444 1642 1,
468 1566 502 1629 in
522 1564 634 1628 dextra
651 1564 705 1627 ala
722 1587 751 1641 r,
775 1585 870 1628 unam
885 1563 1029 1640 nitidam,
1053 1580 1136 1644 quae
1159 1566 1208 1625 est
1231 1578 1305 1641 erga

200 1674 326 1753 sollum,
350 1675 382 1737 in
405 1675 534 1739 sinistra
557 1674 609 1736 ala
632 1696 660 1756 v,
684 1673 717 1736 in
740 1692 873 1756 corpore
895 1649 917 1751 ιζ
938 1673 971 1736 in
986 1671 1119 1756 genitali
1133 1691 1193 1735 suo
1215 1689 1304 1749 mag·

198 1802 272 1845 narn
295 1805 316 1845 1.
341 1789 414 1846 sunt
436 1802 547 1847 omnes
569 1805 648 1844 urm.

284 1892 326 1954 Et
348 1916 417 1954 eam
439 1889 584 1975 terrores]
610 1915 640 1954 a.
663 1892 721 1953 291

285 1998 498 2081 Caprioornus
520 1999 617 2064 habet
639 1999 672 2061 in
694 2003 829 2078 utroque
852 2017 950 2061 eornu
972 1998 1085 2062 stellas
1106 2021 1144 2075 ιι,
1168 1998 1202 2061 in
1224 1997 1305 2061 nari-

162 2108 258 2171 rebus
286 2106 489 2189 splendidam
517 2131 542 2184 1,
570 2108 604 2170 in
630 2107 735 2190 eapite
763 2130 800 2184 11,
829 2107 862 2169 in
890 2108 972 2171 eollo
996 2105 1198 2191 splendidam
1221 2129 1247 2189 1,
1273 2106 1304 2169 iu

198 2221 329 2298 pectore
351 2238 384 2298 u,
407 2217 440 2278 in
462 2217 620 2280 anteriore
641 2215 724 2299 pede
746 2239 766 2298 1,
789 2215 823 2277 in
845 2215 1026 2280 summitate
1047 2215 1148 2299 ipsius
1170 2214 1264 2297 pedis
1285 2236 1304 2292 ι,

197 2323 230 2385 iu
252 2322 348 2386 dorso
371 2345 427 2400 vn,
449 2323 482 2386 in
504 2329 614 2389 uentre
637 2347 667 2402 v,
690 2323 723 2386 in
745 2321 849 2388 cauda
871 2346 904 2386 11.
928 2331 1001 2388 sunt
1023 2343 1135 2389 omnes
1157 2346 1246 2387 xxvr.

282 2434 438 2518 Infestarn
459 2431 587 2518 noctem]
612 2458 643 2497 a.
666 2435 735 2496 309

284 2539 475 2620 Sagittarius
503 2540 600 2603 habet
627 2541 739 2605 stellas
766 2541 798 2603 in
827 2541 931 2624 eapite
961 2564 1000 2619 11,
1029 2541 1063 2604 in
1085 2542 1184 2607 oostis
1206 2565 1245 2619 u,
1273 2542 1305 2605 in

162 2671 188 2710 ro
202 2649 314 2714 dextro
338 2648 443 2713 eubito
466 2672 487 2726 1,
509 2649 542 2711 in
565 2650 698 2732 seapula
719 2649 851 2713 nitidam
873 2673 893 2732 1,
916 2649 950 2714 iu
973 2650 1124 2726 demon,
1147 2650 1180 2714 in
1202 2651 1307 2716 nanda

200 2782 242 2841 ιι,
266 2758 299 2821 in
322 2759 473 2822 anteriori
494 2778 580 2842 genu
602 2781 628 2836 r,
657 2758 690 2821 in
711 2764 846 2840 utroque
868 2759 951 2841 pede
973 2783 999 2836 1,
1021 2760 1055 2823 in
1076 2779 1153 2823 areu
1175 2783 1198 2824 u
1222 2768 1254 2826 et
1274 2761 1307 2824 in

199 2864 306 2932 iaeulo
332 2891 396 2945 uu,
425 2888 491 2932 una
518 2888 595 2932 uero
618 2867 652 2930 in
674 2887 813 2951 summo,
843 2868 908 2932 alia
934 2868 967 2933 in
990 2867 1094 2932 medio
1117 2869 1256 2935 obseura
1278 2878 1307 2935 et

199 2976 283 3040 duae
306 2976 339 3039 in
360 2977 474 3059 pennis
497 2976 603 3053 iaouli,
626 2995 666 3041 ex
688 2977 805 3058 quibus
819 2996 884 3040 uno
898 2982 948 3042 est
961 2977 1086 3041 olarior.
1109 2984 1183 3042 sunt
1197 2999 1308 3045 omnes

199 3107 303 3148 XVIIII.

162 3217 187 3252 2⁵
285 3194 326 3259 In
348 3194 500 3260 thalamos
521 3197 666 3280 Neptune
688 3194 767 3280 taos]
791 3220 821 3259 a.
844 3197 907 3258 323

284 3300 430 3365 Delfinus
459 3324 523 3367 non
549 3306 683 3368 multum
710 3303 904 3387 supercurrit
926 3302 1123 3384 eaprioorno.
1157 3303 1257 3369 habet
1276 3306 1308 3368 in

200 3428 256 3474 ore
279 3409 404 3474 stellam
425 3435 451 3495 1,
474 3412 508 3475 in
530 3413 649 3478 uertioe
671 3436 705 3496 11,
728 3415 763 3476 in
784 3412 839 3476 ala
861 3430 953 3476 seous
976 3417 1120 3475 uentrem
1142 3434 1189 3490 ιιι,
1212 3433 1309 3496 supra

201 3520 331 3584 dorsum
352 3543 373 3603 r,
396 3520 430 3584 in
454 3522 559 3586 cauda
581 3545 613 3586 11.
628 3502 712 3586 'sunt
734 3542 845 3587 omnes
869 3544 948 3591 vun.

221 3682 226 3691 .
285 3631 339 3696 Sic
360 3633 481 3716 sapim
502 3631 597 3718 eneis]
622 3657 652 3697 a.
674 3634 736 3696 332

162 3762 189 3800 so
286 3737 384 3802 Orion
400 3739 522 3804 oblicus
539 3741 669 3822 quidem
684 3747 775 3805 tauro
790 3739 887 3804 habet
901 3740 934 3802 iu
950 3737 1053 3821 eapite
1069 3738 1180 3803 stellas
1202 3739 1310 3820 splen·

236 3867 433 3937 lperseentes
453 3881 476 3927 Β
506 3875 520 3944 Η
548 3878 672 3932 nonnulli
691 3862 709 3934 d
727 3895 790 3948 pen.
809 3885 832 3930 e.
853 3879 996 3930 autumant
1013 3881 1037 3928 Β
1058 3874 1071 3944 Η
1098 3873 1224 3928 nonnulli
1243 3890 1310 3927 uero

200 3952 335 4023 Meropen
358 3976 421 4012 esse
445 3966 588 4019 autumant
610 3969 707 4032 seraper·
730 3976 756 4017 or
780 3975 875 4032 postea
898 3963 1040 4017 nominata
1063 3965 1155 4013 adelide·
1175 3978 1210 4012 ea
1229 3962 1311 4012 solol.

200 4043 311 4095 sirm·
330 4064 347 4109 1²
371 4055 455 4112 ¹⁶⁰st
477 4046 489 4118 Η
510 4053 527 4106 5
545 4053 613 4105 Lina
632 4058 655 4104 Β
677 4051 691 4121 Η
710 4053 824 4122 pectino
842 4054 867 4102 Β
889 4048 902 4119 Η
923 4052 940 4104 6
957 4047 1070 4102 modolo
1090 4051 1113 4097 Β
1134 4045 1146 4116 Η
1167 4049 1184 4101 9
1204 4046 1310 4115 (lignus

201 4130 225 4176 Β
246 4127 258 4195 Η
279 4131 311 4184 11
330 4131 452 4198 genitale
471 4142 495 4189 Β
517 4137 530 4207 Η
551 4140 586 4194 14
605 4139 799 4210 Capricornus.
821 4143 842 4189 Β
864 4136 877 4205 Η
899 4137 936 4191 26
946 4140 981 4203 cs.
994 4136 1075 4187 schol.
1086 4137 1197 4186 Strozz.
1210 4152 1237 4200 p.
1250 4139 1310 4199 168,

203 4222 236 4266 ¹⁰
255 4212 269 4282 Η
288 4221 422 4278 Delfinus.
440 4228 465 4277 Β
486 4223 499 4296 ΙΙ
520 4226 599 4298 eopri
618 4242 702 4282 corno
721 4231 745 4279 Β
766 4224 780 4296 Η
798 4226 834 4282 30
851 4227 939 4280 tauro.
957 4225 982 4273 Β
1004 4218 1018 4290 Η
