2948 5010
642 430 855 500 ..96-

200 618 234 671 ut
255 603 429 688 oportebat,
453 623 525 670 eum
540 608 725 670 uenatorem
739 603 912 683 finxissent,
935 600 1104 667 uoluerunt
1126 598 1223 666 etiam
1245 601 1302 668 boc

198 715 376 797 significare
406 715 515 796 aliqua
542 712 582 778 de
610 733 716 779 causa.
745 714 852 796 itaque
878 713 1047 796 leporem
1073 712 1103 778 ei
1129 710 1173 776 ad
1199 709 1301 795 pedes

198 824 374 907 fugientem
395 823 565 901 finxerunt,
589 842 682 905 quem
703 824 847 890 nonnulli
869 843 889 887 a
911 823 1066 889 Mercurio
1096 822 1301 889 constitutum

199 934 347 1001 dixerunt
374 935 468 1016 eique
490 932 598 998 datum
620 939 745 1018 praeter
767 940 872 1000 cetera
894 952 1014 1016 genera
1036 932 1238 1013 animalium,
1268 937 1302 996 ut

173 1047 279 1111 saltos
304 1060 443 1133 pararet,
476 1043 556 1111 alios
584 1044 718 1110 haberet
743 1044 776 1109 in
803 1051 922 1110 nenne.
954 1045 1008 1126 qui
1035 1048 1140 1109 autem
1167 1043 1208 1108 ab
1238 1041 1301 1107 hac

199 1174 296 1221 causa
317 1154 519 1235 dissentiunt,
553 1161 673 1237 negant
697 1153 878 1241 [oportere]
904 1159 970 1218 tam
996 1153 1137 1220 nobilem
1169 1158 1301 1234 tamque

197 1284 348 1347 magnum
380 1270 582 1344 uenatorem,
615 1263 656 1328 de
690 1284 752 1345 quo
785 1269 859 1329 ante
892 1264 925 1327 in
956 1262 1133 1347 scorpionis
1161 1263 1300 1328 diximus
1339 1237 1344 1256 ’

197 1375 288 1458 signo
316 1382 347 1440 et
368 1381 482 1459 postea
503 1374 537 1439 in
558 1374 657 1458 ipsius
679 1373 780 1458 ligura
801 1374 960 1452 dicemus,
984 1379 1131 1457 oportere
1144 1374 1237 1462 fiapi
1255 1373 1300 1438 le·

196 1505 307 1569 porem
333 1485 458 1565 uenari;
487 1484 716 1551 Callimachum
744 1505 871 1568 quoque
898 1485 1071 1564 accussari,
1099 1482 1200 1567 quod,
1228 1503 1299 1550 cum

161 1615 185 1655 rc
198 1596 326 1662 Dianae
348 1596 499 1662 scriberet
521 1595 643 1680 laudes,
667 1617 738 1663 eam
759 1597 902 1681 leporino
926 1594 1082 1677 sanguine
1104 1594 1247 1677 gaudere
1269 1599 1299 1659 ct
1326 1654 1330 1665 ,

197 1725 253 1771 eos
281 1707 392 1772 uenari
420 1708 544 1774 dixerit.
583 1708 691 1790 itaque
722 1707 841 1774 Oriona
868 1727 938 1772 cum
966 1712 1055 1771 tauro
1083 1704 1298 1770 decertantem

196 1817 346 1884 fecerunt.
375 1818 493 1902 leporis
521 1823 626 1883 autem
652 1819 735 1884 hanc
760 1817 924 1882 historiam
952 1814 1124 1880 memoriae
1150 1814 1298 1899 prodide-

196 1934 283 1994 runt:
316 1936 392 2014 aput
420 1929 567 2011 antiquos
593 1932 628 1994 iu
649 1929 754 1994 insula
775 1929 857 1993 Lero
880 1927 1001 1993 nullum
1023 1927 1165 2010 leporem
1188 1922 1297 2003 fuisse,

197 2039 255 2104 sed
277 2058 317 2104 ex
338 2059 447 2106 eorum
470 2039 597 2105 ciuitate
619 2037 893 2105 adulescentulum
917 2037 1077 2120 quendam
1099 2036 1205 2104 studio
1225 2037 1298 2118 lge-

160 2171 183 2209 u
197 2149 281 2214 neris
312 2150 485 2229 inductum
499 2152 540 2216 ab
564 2155 692 2215 exterae
714 2147 817 2233 gentis
838 2147 953 2214 finibus
976 2149 1118 2233 leporem
1144 2146 1297 2212 feminam

194 2267 424 2342 praegnantem
447 2261 599 2331 adtulisse
621 2265 652 2325 et
666 2259 708 2323 ad
724 2258 793 2324 eius
808 2263 932 2342 partum
954 2257 1200 2340 diligentissime
1215 2275 1297 2339 quae

196 2389 276 2453 opus
300 2376 406 2436 essent
428 2368 677 2437 administrasse.
707 2369 812 2450 itaque
835 2388 906 2433 cum
928 2369 1106 2453 peperisset
1126 2364 1298 2451 compluris

196 2479 264 2544 eius
294 2479 432 2544 ciuitatis
463 2477 506 2543 ad
531 2483 614 2546 idern
643 2480 781 2546 studium
807 2479 957 2546 incidisse
988 2485 1020 2546 et
1045 2483 1168 2563 partem
1195 2475 1296 2561 pretio

191 2602 316 2674 partem
342 2589 495 2656 beneficio
522 2597 678 2656 mercatos
702 2588 807 2677 [esse]
823 2593 946 2656 'omnes
967 2591 1095 2674 lepores
1116 2588 1204 2653 alere
1228 2605 1297 2652 coe-

197 2787 212 2841 1
230 2788 262 2840 ut
280 2789 372 2840 auaro
384 2804 419 2840 ea
431 2791 536 2856 sperno
558 2773 570 2861 Η
590 2786 704 2842 finnsse
718 2790 765 2840 rr
783 2786 963 2857 punissent
981 2790 1077 2854 Hypsa.
1099 2783 1113 2856 Η
1132 2784 1186 2838 noc
1206 2785 1298 2836 auarus

196 2892 231 2927 erc
250 2878 356 2942 Hypios
377 2873 390 2946 Η
410 2875 427 2930 2
446 2892 500 2946 qua
519 2874 554 2929 de
573 2891 658 2930 causa
676 2895 688 2930 ε
708 2873 722 2948 Η
741 2875 864 2948 leporem
883 2894 952 2928 corr.
966 2893 1001 2927 ea
1018 2873 1142 2944 leporem
1162 2874 1183 2923 P
1201 2869 1216 2943 Η
1237 2870 1296 2924 eins

196 2966 218 3015 P
237 2962 249 3031 Η
271 2963 288 3017 3
306 2960 481 3031 figientemd
501 2961 515 3033 Η
534 2963 643 3035 disque
657 2969 704 3018 ΑΡ
721 2962 735 3035 Η
756 2965 837 3035 cique
850 2967 946 3031 [lypis.
968 2960 982 3034 Η
1000 2963 1150 3032 propter?
1168 2957 1182 3030 Η
1200 2957 1299 3028 lepore

197 3064 300 3117 genera
313 3052 359 3100 ΑΡ
377 3045 391 3119 Η
412 3052 505 3102 cetera
518 3065 620 3118 genera
634 3055 730 3120 lippia.
746 3049 759 3122 Η
773 3052 790 3106 5
804 3049 874 3104 alios
887 3053 999 3121 pareret
1012 3052 1106 3102 addidi·
1116 3065 1152 3100 aa
1165 3049 1271 3114 lippiae
1283 3041 1296 3114 Η

195 3119 299 3205 ut‘fflios
314 3139 335 3186 P
353 3134 366 3207 Η
387 3137 545 3207 deportare
559 3141 645 3191 ueloci
659 3136 672 3210 Η
687 3141 815 3208 inagna
827 3156 894 3190 corr.
909 3155 944 3189 ec
955 3152 1054 3206 magne
1069 3140 1090 3187 Ρ
1107 3133 1120 3206 Η
1140 3132 1175 3186 de
1188 3151 1238 3188 om.
1249 3135 1272 3183 P
1283 3127 1296 3201 Η

196 3224 344 3293 scorpione
363 3226 386 3274 Α
408 3221 421 3294 Η
447 3209 593 3296 scorpioni
613 3231 634 3278 P
653 3224 665 3297 Η
686 3224 843 3296 scorpionis
862 3227 959 3292 lippia.
978 3227 1009 3275 de
1023 3223 1070 3275 boc
1083 3224 1139 3274 loro
1159 3225 1298 3289 oppropr.

197 3347 310 3398 Persico.
328 3353 383 3411 μθ
403 3343 416 3416 Η
437 3318 595 3412 dicimusrl
618 3345 630 3418 Η
651 3347 768 3400 dicimus
789 3351 810 3398 P
828 3345 840 3417 Η
866 3348 883 3402 8
901 3317 1065 3416 oportifrreA
1086 3340 1099 3413 Η
1120 3340 1186 3410 fingi
1205 3342 1298 3393 addidi

196 3451 231 3486 cc
243 3436 349 3501 Hypios
370 3429 383 3503 Η
403 3433 419 3487 9
433 3431 612 3489 Callimacum
625 3454 693 3488 corr.
707 3452 742 3487 ea
755 3432 931 3488 Oallimatum
943 3437 966 3485 P
983 3432 996 3502 Η
1017 3445 1165 3487 accussare
1177 3431 1200 3480 Δ
1217 3425 1231 3498 Η
1251 3441 1297 3481 ae-

195 3536 293 3574 cusare
312 3525 333 3572 P
352 3516 364 3591 Η
386 3520 420 3576 10
438 3522 544 3576 scribet
561 3526 584 3574 A
606 3520 619 3592 Η
639 3523 741 3575 θυωΑ
763 3520 776 3590 Η
798 3520 858 3574 cius
878 3518 930 3590 ΡΗ
955 3511 1016 3574 eam
1035 3523 1156 3587 Hypsaeo
1179 3514 1195 3588 Η
1219 3516 1297 3587 lepo-

194 3608 253 3692 rini}
273 3630 294 3677 P
312 3625 325 3696 Η
345 3626 377 3681 11
398 3624 466 3679 deos
480 3630 528 3678 ΔΡ
546 3626 559 3697 Η
580 3642 629 3680 eos
649 3629 768 3693 Hypiaus
788 3624 800 3696 Η
823 3624 977 3677 Collimocb.
992 3625 1077 3690 bpmc.
1091 3627 1137 3674 111
1147 3629 1165 3675 Ρ
1182 3623 1215 3694 τῇ
1232 3618 1299 3681 τόξα

194 3715 361 3782 λαγωβολίαι
379 3730 407 3766 τε
423 3715 556 3784 μέλονται
582 3712 594 3785 Η
619 3715 653 3768 12
672 3713 785 3768 storiam
803 3711 974 3782 memorias
997 3708 1010 3782 Η
1035 3709 1300 3782 memoriamemorie

196 3805 217 3852 P
235 3798 247 3871 Η
268 3801 302 3856 13
320 3799 394 3872 apud
407 3805 430 3852 P
447 3799 461 3871 Η
481 3801 510 3855 in
523 3805 615 3854 subdidi
629 3819 664 3853 erc
677 3806 781 3869 lippiae
802 3798 814 3871 Η
835 3801 870 3855 14
881 3798 1147 3853 aduliscentnlumd
1169 3796 1182 3868 Η
1204 3797 1299 3852 studio

196 3887 316 3942 Veneris
336 3907 348 3940 ε
372 3887 385 3959 Η
411 3888 444 3944 15
462 3888 604 3942 inductum
623 3891 715 3941 addidi
734 3907 769 3941 ea
782 3891 886 3955 lippiae
912 3885 925 3958 Η
950 3886 1054 3940 exteris
1073 3888 1121 3938 ΔΡ
1144 3883 1158 3956 Η
1183 3888 1299 3938 exterae

197 3979 293 4044 lippia.
313 3973 327 4046 Η
347 3976 381 4030 16
398 3981 580 4045 pregnantem
597 3979 644 4028 ΔΡ
660 3975 673 4047 Η
695 3974 830 4029 adtulisse
852 3977 945 4026 addidi
964 3992 999 4026 cac
1012 3978 1117 4041 Hypisc
1137 3971 1151 4042 Η
1172 3973 1207 4028 18
1224 3971 1300 4026 idern

194 4089 286 4139 addidi
300 4104 336 4138 ca
348 4089 453 4152 [lupino
474 4088 487 4157 Η
507 4086 614 4157 partem
631 4087 722 4157 pretio
741 4061 837 4157 (pibio
850 4087 885 4154 Α)
900 4084 1036 4140 beneficio
1050 4083 1193 4153 (benefitio
1207 4085 1239 4152 P)
1253 4088 1303 4136 ΔΡ

196 4170 208 4244 Η
233 4175 341 4244 partem
358 4172 450 4242 pretio
468 4177 575 4243 partem
593 4172 729 4227 beneficio
748 4178 929 4227 Strozziuccs
956 4172 970 4244 Η
995 4175 1029 4229 19
1048 4189 1111 4227 esse
1130 4175 1231 4225 dalem
1250 4189 1263 4224 ε
1284 4170 1299 4242 Η

194 4260 364 4316 laeborcsA
386 4258 400 4332 Η
422 4261 565 4332 coepisset
583 4263 604 4313 Α
623 4259 637 4330 Η
657 4263 782 4336 cepisset
799 4267 822 4315 P
840 4260 853 4332 Η
873 4261 1003 4332 coepisse
1020 4265 1086 4330 Hyp.
1107 4259 1120 4332 Η
