2948 5010
489 389 810 489 ¹-4r-,

128 563 244 629 Martia
266 583 331 627 non
353 563 428 627 illos
449 559 588 626 turbabit
610 559 704 626 stella
725 579 831 642 neque
853 560 954 626 imbre

130 678 185 738 aut
206 672 274 737 ulla
296 672 413 738 condet
434 670 552 736 nitidos
576 671 721 752 caligine
740 671 834 736 soles.

129 783 187 849 sed
211 784 238 847 si
260 782 343 847 forte
367 780 453 847 diem
475 781 579 845 uictus
601 780 772 845 mutauerit
793 800 849 845 aer

130 897 162 956 et
184 897 299 958 uentos
321 896 376 955 aut
396 889 508 954 fundet
530 910 642 971 aquas,
665 889 882 974 gelidissimus
904 890 1010 953 undae

129 1000 165 1064 fit
187 1001 275 1085 rigor
297 1007 328 1066 et
349 1004 415 1064 toto
437 1000 555 1065 boreas
578 991 793 1065 dominabitur
815 1001 900 1064 orbe.

213 1112 254 1175 At
275 1109 385 1175 faciles
407 1109 521 1194 glebas
544 1109 691 1191 astringit
711 1108 832 1191 frigore
855 1129 955 1174 uerno

129 1218 214 1282 alma
236 1219 378 1298 Venus,
401 1218 536 1303 pecudis
559 1219 646 1284 claro
671 1239 742 1284 cum
764 1219 885 1284 uellere
907 1218 997 1284 fulsit
1250 1249 1276 1287 so

128 1328 187 1393 sub
211 1327 314 1393 lucem
340 1330 486 1396 exoriens
510 1330 697 1413 eademque,
721 1329 777 1393 ubi
799 1335 942 1413 tempore
965 1326 1079 1393 ecdem

15 1437 26 1458 '
129 1436 307 1502 aetherium
330 1440 418 1504 uenit
439 1446 563 1505 taurum
586 1460 691 1524 super,
714 1439 869 1504 imbribus
890 1439 969 1503 atris

128 1553 159 1612 et
180 1547 298 1611 tonitru
319 1551 496 1631 crebraque
519 1548 686 1615 abscondit
708 1547 866 1633 grandine
888 1553 999 1613 terras.
1085 1574 1089 1584 ·

127 1662 285 1740 temperat
306 1657 340 1722 in
362 1658 500 1739 geminis
521 1679 638 1723 annum
660 1677 721 1723 nec
743 1657 838 1723 crede
860 1676 975 1722 sereno

126 1767 239 1831 nubila
261 1787 321 1832 nec
344 1767 494 1833 diuturna
514 1764 616 1853 putes,¹
641 1789 711 1832 cum
734 1767 840 1833 sidere
864 1766 970 1832 cancri

126 1875 254 1943 fulserit
276 1876 435 1958 ardentis3
458 1884 579 1942 tantum
601 1877 663 1941 hcc
684 1876 730 1941 nil
753 1876 859 1942 sidere
882 1883 1012 1942 certum.

123 1987 289 2070 flagrantis
313 1987 439 2070 placide
467 1988 577 2052 lucens
598 1987 677 2051 haec
700 1992 855 2069 temperat
877 1993 997 2072 aestus,

128 2118 201 2163 cum
223 2096 330 2181 posuit
352 2097 461 2165 sedem
483 2096 637 2167 Nemeaei
658 2095 775 2160 finibus
797 2097 884 2160 astri.

127 2209 320 2291 uirgineque
342 2213 374 2273 et
394 2207 479 2272 libra
501 2225 629 2289 semper
649 2205 824 2290 pendentia
845 2211 968 2270 tantum

124 2380 161 2436 44
178 2379 292 2434 Maritia
310 2382 357 2431 ΑΡ
380 2377 393 2449 Η
421 2379 523 2433 Martia
542 2382 726 2430 SHeiusiasi
750 2376 763 2447 Η
791 2377 942 2431 Marciam
971 2375 985 2448 Η
1015 2378 1140 2432 turbauit
1156 2380 1203 2430 ΑΡ
1220 2377 1234 2449 Η

124 2465 329 2520 turbabititella
347 2485 371 2517 m
398 2463 411 2536 Η
436 2465 514 2519 itella
532 2482 595 2537 neq.
615 2466 717 2519 imbres
737 2470 758 2516 Α
787 2464 800 2535 Η
825 2465 957 2533 itelaneq.
976 2464 1080 2520 imbres
1099 2472 1122 2519 P
1140 2464 1153 2539 Η
1178 2471 1235 2522 tur·

123 2553 206 2607 babit
224 2552 308 2607 stelle
327 2557 485 2606 Heluetiosi
511 2552 524 2624 Η
548 2553 636 2606 imbre
656 2557 665 2604 i
692 2549 705 2623 Η
731 2551 835 2604 Martia
853 2567 908 2604 non
926 2552 990 2606 illos
1009 2554 1161 2608 turbabunt
1178 2556 1237 2610 tela

124 2658 217 2712 neque
235 2641 338 2695 imbres
357 2642 371 2693 b
392 2637 405 2711 Η
425 2641 461 2696 45
478 2640 580 2694 Auos
601 2642 615 2711 Η
635 2640 714 2710 Haut
725 2644 748 2691 P
766 2636 780 2710 Η
800 2637 885 2693 Haud
903 2657 929 2690 m
949 2637 963 2709 Η
983 2644 1031 2695 aut
1043 2640 1100 2694 ulla
1113 2641 1237 2697 condent

124 2765 140 2814 a
166 2762 179 2834 p
204 2763 239 2819 46
259 2721 474 2828 sessiones
501 2760 515 2833 p
543 2759 720 2817 seruare
739 2764 762 2811 ι»
784 2758 799 2829 p
825 2758 883 2814 see
902 2758 926 2811 εἰ
945 2759 1016 2812 rorte
1037 2763 1099 2813 sar
1124 2762 1138 2833 p
1163 2762 1235 2816 nem
1320 2795 1325 2804 -

123 2849 219 2904 uarius
238 2850 387 2903 mutauerit
404 2866 452 2903 aer
470 2859 496 2902 et
517 2848 562 2901 die
580 2846 685 2899 uultum
703 2845 852 2899 mutauerit
870 2862 918 2898 aer
935 2852 1075 2914 proposuit
1091 2852 1207 2902 Orellies
1221 2850 1234 2921 Η

123 2935 160 2990 4'l
179 2952 252 3006 aqua
271 2939 342 2988 nrm
363 2934 375 3007 Η
395 2935 469 2989 unde
484 2940 532 3004 ΑΡ
550 2933 563 3006 Η
583 2936 618 2990 48
636 2933 795 3002 rimrigord
817 2931 830 3004 Η
849 2933 990 3002 Rimrigor
1008 2939 1031 2985 P
1047 2931 1060 3004 Η
1079 2936 1143 2988 Rim
1161 2935 1236 3005 rigor

124 3041 150 3075 m
170 3021 184 3091 Η
205 3021 277 3074 Tum
294 3023 370 3091 rigor
388 3027 398 3074 i
418 3020 431 3093 Η
451 3021 484 3076 fit
500 3022 607 3091 rigore
629 3020 643 3090 Η
662 3021 697 3075 49
714 3019 863 3083 Adfaeiles
882 3021 981 3090 glebae
999 3022 1235 3092 bastastringitA

125 3106 140 3179 Η
159 3107 209 3162 Ad
227 3107 614 3178 flacilesglebebastastringit
633 3113 655 3161 Ρ
682 3107 695 3178 Η
728 3106 776 3160 Ad
795 3107 894 3161 faciles
913 3108 1012 3177 glebae
1032 3110 1106 3163 lusta
1124 3109 1237 3178 stringit

123 3214 150 3248 m
177 3194 191 3268 Η
220 3196 263 3250 At
277 3198 325 3249 ser·
350 3194 363 3264 Η
394 3196 485 3250 facilis
505 3195 605 3265 glebae
625 3195 683 3248 luta
701 3193 842 3262 stringiti
867 3192 880 3264 Η
909 3195 1007 3264 glebas
1027 3197 1190 3266 astringite
1221 3196 1233 3267 Η

123 3282 159 3338 50
176 3282 281 3337 uellure
301 3286 321 3334 A
344 3280 357 3352 Η
377 3282 458 3336 lulsis
476 3289 524 3336 ΑΡ
543 3283 556 3355 Η
576 3282 654 3337 fulsit
672 3282 734 3334 Smb
756 3280 769 3350 Η
794 3269 827 3335 51
848 3281 997 3336 Sublimem
1017 3287 1062 3335 ΑΡ
1082 3282 1095 3354 Η
1117 3284 1174 3339 Sub
1194 3284 1234 3336 lu·

124 3383 187 3422 cem
204 3388 230 3423 m
248 3368 262 3439 Η
282 3371 317 3426 52
336 3372 496 3424 aethereum
512 3390 526 3424 e
547 3369 560 3440 Η
580 3367 658 3421 uenit
676 3371 786 3438 austras
806 3371 827 3419 Α
849 3366 863 3439 Η
884 3370 962 3422 uenit
981 3375 1092 3424 austros
1111 3375 1134 3420 Ρ
1153 3371 1166 3439 Η
1186 3385 1234 3422 ue·

123 3455 166 3508 nit
183 3458 278 3509 taums
298 3474 338 3509 me
359 3455 371 3527 Η
396 3458 474 3520 uenit
491 3461 598 3511 taurum
620 3459 730 3508 Grotius
750 3453 763 3526 Η
785 3453 836 3507 sub
856 3473 870 3506 e
892 3454 904 3525 Η
926 3456 1060 3510 imbribus
1079 3461 1171 3510 astros
1191 3459 1237 3507 ΔΡ
1317 3501 1323 3505 .

123 3540 140 3614 Η
159 3542 293 3596 imbribus
313 3547 430 3596 strumo
452 3543 466 3615 Η
485 3544 553 3598 atris
569 3545 680 3596 Grotius
700 3539 714 3612 Η
733 3543 769 3598 54
787 3541 889 3595 eredec
902 3547 949 3594 ΔΡ
969 3542 981 3615 Η
1001 3545 1036 3599 55
1054 3547 1121 3613 puta
1134 3546 1204 3594 APm
1220 3541 1233 3614 Η

121 3629 158 3684 56
175 3629 308 3684 Funserit
326 3633 373 3682 ΑΡ
392 3631 405 3701 Η
426 3631 489 3685 fons
509 3630 561 3684 erit
579 3647 592 3682 e
614 3627 626 3700 Η
652 3629 762 3683 fulserit
780 3649 805 3682 m
827 3633 937 3682 Grotius
956 3628 970 3700 Η
991 3628 1115 3682 ardentis
1134 3630 1187 3683 hoe
1206 3630 1235 3682 in

121 3715 205 3769 litore
225 3719 329 3770 certem
347 3721 395 3769 ΑΡ
412 3716 426 3789 Η
446 3717 570 3771 ardentis
588 3721 669 3788 patet
686 3713 746 3786 h³q;
765 3718 794 3770 in
813 3717 906 3770 littore
925 3716 1017 3769 nautis
1035 3719 1056 3768 S
1075 3713 1090 3786 Η
1110 3714 1234 3770 ardentis

120 3805 215 3855 temen
233 3801 287 3856 hoc
306 3803 334 3856 in
353 3803 446 3856 littore
466 3807 571 3858 eertum
594 3822 607 3856 e
633 3803 647 3875 Η
672 3808 778 3858 tantum
797 3805 850 3857 hoe
869 3803 908 3856 nil
927 3803 1019 3857 sidere
1039 3807 1144 3858 eertum
1165 3808 1234 3858 Gro-

122 3892 178 3942 tius
198 3888 211 3959 Η
231 3891 265 3946 57
283 3889 390 3960 placidi
407 3895 455 3944 ΑΡ
473 3890 485 3962 Η
505 3891 607 3945 lucens.
622 3892 667 3945 hic
686 3896 746 3944 APe
766 3890 781 3962 Η
801 3891 872 3944 lucis
890 3892 934 3945 uis
956 3895 1067 3945 Grotius
1082 3894 1200 3943 orellior
1219 3890 1233 3961 Η

119 3975 219 4030 lucens
232 3976 302 4030 haec
321 3995 369 4045 epo
390 3977 403 4047 Η
425 3993 524 4031 annum
543 3997 556 4031 e
572 3983 683 4031 Grclios
699 3981 815 4030 Orellios
836 3975 849 4048 Η
870 3983 996 4031 omilium
1010 3982 1081 4031 nrm
1101 3977 1114 4050 Η
1135 3981 1233 4043 tesius

121 4066 143 4114 8
168 4061 181 4134 Η
207 4066 419 4131 aestusscripsi
448 4062 460 4135 Η
490 4065 524 4120 58
543 4064 740 4136 Composuite
769 4064 781 4135 Η
805 4064 922 4118 Nemeis
941 4068 1027 4119 APme
1057 4065 1070 4136 Η
1096 4064 1234 4118 Nemeaei

124 4153 238 4204 &orirer
257 4147 271 4222 Η
292 4150 376 4205 astris
396 4154 443 4204 ΑΡ
463 4150 476 4221 Η
496 4162 601 4205 astrum
620 4169 659 4205 me
680 4151 694 4222 Η
716 4154 787 4209 astri
806 4156 918 4206 Grotius
944 4150 957 4222 Η
981 4149 1231 4222 595115ςί55ᾳῶ-

121 4236 188 4292 brat
204 4241 254 4290 ΔΡ
271 4236 285 4310 Η
305 4241 335 4292 et
352 4256 402 4292 cm.
421 4256 447 4292 m
466 4235 479 4309 Η
