2948 5010
635 421 869 488 -126-

129 627 144 633 -
161 591 288 675 squod
310 592 380 657 sinc
403 590 507 675 capite
529 589 626 656 astris
641 590 787 656 refertur.
811 590 960 676 Nigidius
983 591 1024 656 de
1047 589 1173 674 uirgine
1194 590 1241 656 ita
1262 609 1311 656 re-

199 703 268 768 fert.
302 701 459 785 uirginem
481 701 637 767 Iustitiam
660 700 723 766 dici
745 701 814 767 siue
836 702 1045 785 aequitatem,
1074 719 1158 782 quae
1186 701 1229 766 ab
1251 699 1336 766 ho-·

200 812 338 877 minibus
359 812 529 877 recesserit
550 817 583 876 et
605 811 647 875 ad
669 810 856 876 inmortales
878 812 992 877 merito
1014 809 1205 894 peruenerit.
1231 815 1312 875 'nam

200 941 270 986 cum
291 921 375 986 inter
395 921 547 987 mortales
564 921 750 986 conueniret
764 920 911 986 omnibus
926 921 1006 987 locis
1023 918 1311 1002 conciliabulisque
1351 939 1354 943 ·

174 1030 325 1097 csolitam
353 1031 527 1096 consistere
555 1036 586 1096 et
614 1030 801 1115 praecipere
827 1030 1022 1114 hominibus,
1051 1051 1092 1095 ne
1118 1035 1239 1096 temere
1268 1029 1312 1095 ab

199 1141 361 1224 aequitate
376 1146 415 1206 'et
436 1141 556 1206 iustitia
579 1140 794 1224 discederent3
829 1140 983 1222 quamdiu
1004 1140 1159 1205 mortales
1180 1138 1311 1204 monitis

199 1252 266 1317 suis
282 1250 478 1330 obedissent,
501 1248 623 1315 tamdiu
645 1250 745 1315 uitam
769 1249 838 1313 sine
862 1269 938 1314 cura
953 1271 990 1315 ac
1007 1249 1222 1317 sollicitudine
1243 1248 1312 1315 fao·

199 1365 298 1426 turos.
322 1360 380 1426 sed
399 1381 474 1425 cum
496 1361 711 1444 negligentius
735 1360 931 1442 aequitatem
950 1362 1160 1428 obseruarent
1180 1360 1214 1424 in
1236 1359 1311 1425 insi·

200 1470 334 1553 diasque
357 1490 391 1535 se
407 1468 635 1549 declinassent
660 1469 835 1554 cupiditate
858 1476 890 1536 et
912 1471 1051 1536 auaritia
1072 1472 1154 1536 alter
1174 1470 1311 1536 alterum

163 1608 189 1648 ro
200 1580 371 1663 deciperet,
395 1580 437 1644 ab
452 1579 635 1645 hominibus
651 1578 839 1646 discessisse
862 1586 893 1644 et
908 1580 1007 1664 digna
1021 1580 1155 1646 caelesti
1176 1600 1310 1646 numero

200 1689 370 1755 inmortale
399 1690 576 1773 praemium
604 1688 733 1773 pietatis
760 1689 913 1774 possedit.
947 1691 1045 1757 habet
1067 1695 1174 1756 autem
1198 1689 1311 1756 stellas

199 1800 233 1863 in'
260 1800 363 1885 capite
391 1800 561 1877 obscuram
584 1800 678 1865 nimis
700 1823 712 1862 1
739 1800 921 1886 παρθένὸς,
950 1801 984 1865 in
1011 1801 1145 1883 singulis
1167 1780 1331 1866 humeris*

201 1909 356 1992 singulas,
378 1909 412 1973 in
427 1928 624 1992 unaquaque
640 1910 695 1974 ala
710 1908 793 1976 duas
816 1913 981 1977 obscuras.
1004 1931 1070 1976 una
1086 1929 1126 1976 ex
1140 1909 1203 1990 his,
1226 1929 1312 1994 quae

201 2019 304 2084 estin
326 2012 534 2084 dextera'ala
556 2026 682 2104 aparte
703 2020 837 2101 humeri,
862 2026 910 2088 est
933 2023 1021 2087 clara
1045 2019 1132 2107 [una]
1158 2027 1191 2086 et
1212 2039 1311 2086 uoca-

164 2159 188 2196 11
201 2134 252 2193 tur
278 2124 515 2218 προτρυγητήρ.
548 2131 582 2195 in
612 2131 748 2216 singulis
775 2131 889 2197 cubitis
917 2130 1081 2214 singulas,
1114 2128 1149 2193 in
1175 2129 1312 2212 singulis

201 2238 348 2304 manibus
371 2240 526 2325 singulas.
559 2241 632 2318 illa,
660 2261 743 2323 quae
770 2243 804 2306 in
826 2242 960 2308 dextera
982 2246 1043 2319 est,
1072 2239 1189 2304 clarior
1211 2246 1260 2305 est
1281 2245 1312 2305 et

201 2356 334 2415 uocatur
356 2351 456 2433 spica.
484 2351 517 2415 in
539 2350 647 2415 tunica
667 2352 779 2418 stellae
799 2351 955 2418 obscurae
978 2373 1019 2413 vr.
1041 2349 1076 2412 in
1098 2348 1235 2430 singulis
1256 2368 1312 2432 pe-

201 2459 295 2524 dibus
320 2459 472 2543 singulas.
497 2464 572 2523 sunt
594 2479 704 2524 omnes
726 2483 828 2524 xvnn.

163 2652 301 2721 Ghabet
327 2659 434 2720 autem
462 2653 573 2721 stellas
596 2655 630 2719 in
653 2657 759 2739 capite
783 2656 913 2739 quidem
935 2657 1106 2722 obscuram
1134 2672 1248 2733 unam,
1278 2653 1311 2718 in

162 2784 396 2848 rounaquaque
419 2767 474 2831 ala
496 2765 588 2849 duas,
611 2765 645 2828 in
668 2765 804 2850 singulis
826 2765 967 2832 humeris
990 2766 1153 2849 singulas,
1177 2764 1211 2829 in
1233 2785 1313 2830 uno·
1360 2812 1366 2823 .

202 2896 329 2959 quoque
345 2876 452 2941 cubito
467 2894 575 2954 unam,
598 2874 631 2939 in
647 2874 785 2958 singulis
801 2876 949 2941 manibus
966 2875 1121 2962 singulas,
1144 2875 1178 2939 in
1192 2875 1313 2960 penula

200 2986 381 3052 uestimenti
396 3004 463 3061 sex,
487 2984 519 3046 in
538 3004 733 3067 unoquoque
748 2983 832 3069 pede
854 3005 961 3050 unam.
985 2991 1059 3051 sunt
1074 3005 1185 3051 omnes
1201 2986 1312 3051 decem

202 3101 233 3160 et
255 3113 381 3158 nouem.

163 3276 184 3325 s
238 3266 254 3318 1
273 3264 389 3319 intentur
412 3269 434 3315 V
453 3263 465 3333 11
485 3264 502 3317 2
520 3263 655 3318 iustitiam
675 3283 710 3320 cor
728 3266 845 3320 istitiam
863 3271 1117 3322 commulcens
1138 3266 1151 3338 11
1171 3267 1312 3324 iusticiam

206 3359 230 3408 V
248 3352 261 3425 11
281 3355 298 3408 3
317 3352 486 3421 immortales
509 3356 532 3402 V
551 3349 564 3422 11
583 3353 727 3407 transierit
750 3359 772 3405 V
791 3353 804 3425 11
824 3355 842 3409 4
861 3354 1066 3424 conciabclisq;
1085 3359 1107 3408 S
1126 3354 1140 3426 11
1160 3359 1177 3411 6
1196 3357 1312 3410 11111111-

203 3442 248 3496 cia
266 3444 296 3495 ct
314 3438 467 3510 equalitate
485 3445 507 3494 V
526 3438 538 3510 11
559 3439 607 3508 qui
627 3440 758 3509 quamdiu
776 3447 798 3496 V
817 3441 830 3512 11
849 3441 982 3498 mortales
997 3462 1046 3496 om.
1062 3447 1085 3496 V
1103 3442 1116 3514 11
1137 3444 1235 3498 moniti
1247 3447 1314 3498 suut

201 3534 222 3583 S
244 3528 256 3601 11
277 3527 391 3583 monitis
411 3527 472 3580 eius
491 3543 547 3580 non
564 3532 587 3578 V
607 3527 619 3596 11
640 3530 754 3584 monitis
774 3530 833 3585 suis
851 3535 948 3599 scripsi
968 3529 982 3600 11
1003 3531 1019 3585 l
1039 3528 1187 3583 obedirent
1210 3529 1314 3601 711111

203 3616 250 3671 diu
269 3622 289 3670 S
309 3614 324 3689 11
345 3616 392 3670 diu
410 3615 439 3668 in
463 3620 485 3669 V
504 3614 517 3685 11
537 3614 598 3668 uita
620 3619 641 3668 V
661 3614 675 3686 11
696 3617 803 3673 futuros
817 3621 866 3673 SV
884 3617 897 3689 11
918 3619 1042 3672 facturos
1061 3621 1158 3685 scripsi
1177 3619 1314 3689 epsclrol,

202 3709 291 3758 Basti.
304 3724 330 3771 p.
340 3712 407 3770 0⁶,1
423 3701 436 3773 11
451 3705 468 3759 8
481 3702 650 3771 neglientius
663 3706 684 3755 S
699 3701 711 3774 11
727 3704 910 3758 obseruantes
931 3704 1105 3759 declinarent
1122 3702 1267 3773 insidiisq;
1291 3708 1315 3756 V

203 3791 217 3864 11
237 3791 389 3848 9auaricia
407 3794 429 3843 V
447 3790 459 3861 11
480 3792 515 3846 10
528 3789 735 3859 111801εεί1158
757 3791 770 3861 11
790 3793 824 3847 12
838 3799 1015 3852 trecenos
1032 3796 1117 3845 Sora.
1133 3795 1155 3844 V
1175 3790 1188 3862 11
1209 3791 1243 3846 13
1257 3790 1315 3844 alia

206 3884 229 3933 V
248 3877 261 3951 11
283 3868 426 3933 obscuras.
444 3878 488 3931 Ex
501 3878 542 3932 eis
557 3881 622 3932 sunt
634 3895 688 3948 quc
707 3883 729 3932 V
749 3877 761 3948 11
782 3879 817 3946 14
834 3893 889 3931 una
904 3881 992 3930 dolcat
1012 3877 1024 3946 11
1046 3878 1080 3934 15
1100 3885 1315 3962 neorenrrp

203 3975 287 4029 τξις
305 3971 326 4020 S
345 3971 467 4018 locrorum
485 3967 598 4033 praebet
623 3964 677 4036 Vll
698 3967 731 4020 17
750 3965 871 4020 unicas
892 3963 904 4034 11
926 3964 1024 4018 stellas
1044 3965 1179 4019 obscuras
1203 3968 1225 4017 V
1245 3960 1259 4033 11

167 4079 190 4126 G
239 4073 273 4128 19
293 4071 378 4142 quida
397 4071 420 4123 (i
441 4068 455 4140 11
474 4069 503 4122 in
522 4069 864 4138 unaquaque—humeris
884 4069 1009 4138 singulas
1028 4089 1078 4123 om.
1095 4071 1119 4122 G
1138 4067 1151 4140 11
1171 4069 1206 4123 22
1224 4067 1314 4121 uesti-

203 4159 304 4212 mentis
324 4161 414 4211 allcrc
434 4172 448 4211 s
465 4160 495 4210 c'o
512 4174 568 4211 ras.
590 4158 629 4209 (pa
658 4153 671 4226 11
698 4160 774 4224 infra
793 4161 906 4225 adpicta
921 4162 1010 4226 tmapo
1031 4154 1134 4209 60³6*
1155 4155 1168 4225 11
1188 4153 1316 4211 VIRGO

206 4247 271 4299 (30⁰
291 4244 304 4315 11
