2948 5010
467 1202 863 1288 PRAEFATIO.

204 1493 339 1594 Claudi
362 1520 513 1586 Caesaris
541 1522 730 1587 Arateorum
758 1522 832 1588 libri
859 1542 955 1586 manu
983 1523 1107 1606 scripti,
1137 1544 1219 1605 quos

113 1642 261 1725 equidem
289 1639 450 1722 nouerim,
482 1639 664 1722 interpolati
693 1646 766 1705 sunt
794 1660 913 1706 omnes.
958 1640 1043 1704 idem
1071 1641 1219 1722 quamuis

111 1760 214 1825 mutili
237 1759 314 1836 sint,
337 1762 443 1820 tamen
465 1776 619 1840 prospera
641 1757 770 1822 fortuna
791 1757 912 1822 factum
935 1762 992 1835 est,
1014 1762 1049 1821 ut
1070 1776 1141 1820 cum
1161 1757 1219 1822 alii

110 1878 192 1942 alios
208 1874 379 1958 suppleant
393 1873 507 1938 saltem
521 1873 748 1943 Phaenomena
769 1876 895 1957 integra
917 1873 985 1939 fere
1008 1875 1217 1944 seruauerint.

109 1992 389 2075 interpolationum
405 1996 510 2055 autern
525 1993 588 2056 tria
604 1999 676 2057 sunt
691 2011 820 2074 genera,
844 2012 977 2073 quorum
999 2011 1107 2071 unum,
1131 1992 1219 2074 quod
1324 2025 1327 2032 ·
1392 2014 1397 2023 ·

111 2111 249 2176 omnium
272 2109 417 2173 codicum
440 2114 488 2174 est
510 2098 690 2192 commune,
722 2109 786 2172 iam
814 2115 888 2174 ante
916 2109 1077 2174 saeculum
1098 2129 1218 2174 nonum

111 2235 213 2293 ortum
236 2232 293 2292 est.
331 2224 509 2291 continetur
531 2235 639 2292 autern
662 2227 788 2291 duabus
810 2223 1117 2309 interpolationibus,
1140 2245 1219 2307 qua·

110 2368 179 2410 rum
201 2345 301 2410 altera
323 2342 408 2409 facta
430 2350 478 2410 est
499 2344 561 2430 ita,
591 2350 625 2409 ut
650 2345 745 2410 horno
769 2343 885 2425 aliquis
907 2364 964 2426 pro
987 2362 1117 2408 suorum
1140 2347 1216 2440 tern-

109 2484 222 2547 porum
245 2461 427 2527 conditione
450 2461 563 2527 doctus
584 2461 676 2527 Arati
698 2480 810 2526 uersus

152 2585 212 2650 541
237 2576 338 2646 ὅσσον
360 2574 394 2645 δ’
414 2573 612 2666 ὀφθαλμοῖο
635 2577 731 2660 βολὶς
753 2575 968 2648 ἀποτείνεται
991 2574 1088 2668 αὐγῇ,

152 2702 214 2767 542
237 2691 347 2776 ἑξάκις
369 2691 410 2764 lb
432 2677 535 2786 τόσοη
557 2723 615 2780 μιν
636 2690 857 2787 ὖττεκδράμοι.
882 2694 988 2783 αὐτὰρ
1012 2691 1131 2785 ἑκάστη
1183 2686 1189 2693 ’

153 2821 215 2884 543
238 2813 295 2902 ἴση
316 2822 522 2905 μετρηθεῖσα
545 2813 614 2884 δύο)
638 2817 872 2905 περιτέμνεται
894 2812 1009 2905 ἄστρα,

109 2954 180 2999 cum
195 2935 385 3001 Germanico
408 2936 543 3002 uidisset
564 2935 710 3019 intactos,
733 2936 862 3019 proprio
878 2936 980 3002 Marte
996 2936 1132 3001 barbare
1146 2953 1216 2998 uer-

108 3057 188 3118 teret
211 3058 306 3134 atque
330 3056 476 3139 exemplo
500 3072 558 3117 suo
581 3052 758 3136 affingeret.
798 3060 870 3120 sunt
892 3060 999 3120 autem
1022 3051 1055 3114 hi

150 3173 212 3238 526
235 3173 270 3235 ab
291 3197 348 3238 sex
369 3175 561 3262 siyocferacm
582 3175 615 3237 ον’
634 3176 705 3259 quis
728 3173 876 3239 diuiserat
898 3176 1001 3239 orbem

150 3292 212 3357 527
236 3293 381 3378 aequales
400 3306 519 3377 parter,
542 3292 718 3356 succumbet
738 3293 850 3378 νοοαίο
872 3293 955 3357 bino

150 3411 213 3476 528
235 3366 371 3494 charior
393 3411 495 3495 scynis
518 3410 618 3495 spatii
637 3421 817 3494 tantumque
840 3411 951 3475 tenebit
980 3436 983 3441 ·

150 3529 213 3593 529
234 3552 308 3609 ano,
331 3530 386 3593 εντ’
405 3528 515 3594 lateras
537 3538 689 3612 quantum
711 3551 732 3590 ο
753 3528 864 3593 tellure
885 3528 1019 3613 recedi&

149 3647 213 3711 530
235 3668 290 3708 nec
312 3658 415 3710 tamea
437 3647 589 3710 humanos
610 3646 700 3708 αιέιιε
712 3645 806 3730 facit
828 3646 957 3710 ultimas
979 3649 1071 3712 orbas.

107 3759 154 3824 sic
177 3759 260 3823 enim
284 3763 392 3849 σχῆμα
413 3761 495 3827 illud
518 3756 682 3848 ἑξάγωνον
704 3761 760 3828 καὶ
781 3756 1027 3849 φυσικώτατον,
1054 3770 1089 3829 ut
1112 3765 1215 3830 estin

106 3875 241 3942 scholiis.
259 3876 304 3943 ad
325 3880 414 3960 Arati
436 3900 566 3945 uersum
587 3884 666 3957 541,
693 3879 875 3964 significare
897 3881 1012 3960 uoluit,
1043 3881 1129 3963 quod
1151 3881 1215 3946 nisi

107 3995 213 4059 animo
229 3995 370 4073 finxeris,
393 3996 471 4079 quid
492 3998 556 4062 ista
578 3997 692 4080 regula
713 3996 846 4062 inferior
869 4018 1025 4082 suumque
1048 4001 1130 4064 latus
1153 3998 1214 4064 sibi

106 4112 221 4192 uelint,
244 4134 309 4178 non
330 4113 508 4197 intelleges.
542 4134 619 4179 narn
642 4114 764 4180 zodiaci
790 4115 823 4180 in
851 4135 908 4180 sex
930 4123 1038 4200 partes
1060 4117 1214 4200 aequales

105 4230 200 4296 diuisi
223 4229 370 4315 singulae
390 4236 498 4318 partes
520 4231 640 4316 regulis
663 4231 746 4300 inter
767 4253 805 4302 se
827 4234 1015 4304 coniunctae
1035 4235 1082 4304 ita
1104 4229 1138 4300 ut
1159 4231 1214 4300 fiat
