2948 5010
525 431 760 473 *XXV-

86 581 208 667 passim
229 577 384 644 lectiones
397 598 474 674 ¹cum
496 584 584 645 textu
604 578 822 664 discrepantes
844 603 943 648 manu
966 585 1129 670 scriptoris
1151 587 1194 652 ad

86 699 264 780 marginem
286 703 416 763 notatae
438 701 521 763 sunt.
556 697 598 762 ab
620 697 750 762 Hertzio
772 699 937 784 inspectus
960 708 1017 770 cst.

172 817 232 881 His
255 815 419 881 codicibus
441 815 654 898 subiungatur
676 816 774 882 editio
801 820 950 906 princeps
974 820 1013 888 of.
1033 822 1139 886 Hertz.
1160 821 1194 885 in
1217 845 1233 886 e

85 941 146 1001 act.
174 938 303 999 menstr.
331 931 474 998 academ.
505 932 643 999 Berolin.
673 957 701 1000 a.
729 942 809 1005 1847
832 935 931 1021 pli).
970 939 1120 1006 uolumen
1146 944 1195 1004 cst

86 1053 192 1117 forma
213 1051 362 1128 maxima,
385 1049 535 1116 loliorum
554 1057 624 1121 169.
646 1053 680 1118 in
701 1052 778 1120 solio
797 1060 811 1122 1
829 1057 904 1140 adu.
927 1059 1006 1124 haec
1026 1057 1173 1141 leguntur

122 1169 275 1236 MAROI
290 1169 468 1234 MANLII
483 1171 668 1237 POETAE
686 1172 954 1241 OLARJSSIrH
967 1176 1193 1263 ASlTBONO-

123 1289 270 1356 MIGON
293 1288 358 1350 AD
388 1286 638 1354 CAESAREM
653 1291 841 1377 AVoVsll
852 1294 920 1357 VM
935 1294 1079 1358 LIBER
1100 1295 1193 1359 PRI-

123 1407 225 1474 MVS.
1170 1484 1172 1487 ,

84 1526 164 1592 solia
186 1523 354 1607 sequentia
374 1522 536 1588 continent
553 1543 656 1605 usque
679 1523 723 1590 ad
744 1523 801 1590 fol.
818 1530 860 1595 62
876 1547 926 1591 au.
950 1525 1073 1592 Manilii
1092 1530 1193 1591 astro-

84 1643 223 1708 nomica.
257 1640 310 1705 fol.
326 1647 368 1710 63
384 1646 468 1726 *post
489 1642 620 1707 breuem
643 1642 820 1724 epilogum,
843 1644 897 1726 qui
924 1644 1036 1729 incipit
1062 1646 1193 1708 Marcus

85 1763 231 1827 Manlius
253 1759 495 1824 Mathematicus
517 1762 606 1825 ocius
629 1774 714 1826 extat
736 1763 791 1827 boc
818 1787 896 1849 opos
919 1763 1192 1850 elepoatc‘scc‘mam,

44 1958 47 1963 .
84 1878 221 1963 praebet
240 1880 430 1959 argumenta
451 1876 650 1958 singulorum
672 1878 796 1944 Manilii
817 1879 981 1945 librorum.

171 1994 226 2059 fol.
243 1999 286 2062 64
300 1992 375 2059 adu·
403 1992 500 2058 habet
525 1994 611 2060 hano
635 1997 874 2083 inscriptionem
902 1999 1050 2064 ABcttas
1070 2025 1194 2085 perona-

85 2117 156 2182 πίω·
173 2113 219 2179 od
238 2126 406 2199 caparrum
433 2116 465 2176 et
486 2112 625 2179 continet
652 2114 840 2182 laterculum
861 2117 1046 2202 imaginum.
1080 2116 1139 2181 fol.
1151 2124 1193 2185 65

84 2233 160 2298 adu.
182 2229 363 2297 inscribitur
682 2269 685 2274 ·

179 2347 407 2415 -ARATHVS
426 2348 692 2418 GERMANI&
708 2352 774 2417 AD
798 2351 1054 2441 AVGVSTVM.

84 2472 238 2536 secuntur
258 2467 376 2532 Aratea
403 2465 596 2550 imaginibus
622 2476 780 2537 exornata
808 2488 911 2552 usque
926 2435 979 2534 iad
1007 2469 1063 2534 fol.
1079 2475 1120 2539 88
1140 2489 1191 2534 au.

85 2585 175 2672 quod
194 2585 239 2650 ita
261 2583 325 2650 exit

551 2706 729 2774 aalma?
1016 2769 1018 2774 ,

84 2822 327 2892 ΒΟΝΟΝΙΑΕ
344 2823 616 2891 IMPRESSVM
631 2826 723 2890 PER
744 2827 815 2890 ME
839 2823 1041 2909 VGONEMl
1054 2823 1193 2888 RVGE-

85 2946 138 3010 R]
144 2945 212 3009 VM
227 2944 291 3006 ΕΤ
307 2942 458 3008 DONIN
462 2943 529 3007 VM
545 2944 760 3013 BERTOOH
765 2944 833 3008 VM
843 2943 848 3030 l
865 2942 991 3009 ANNO
1012 2940 1191 3007 DOMINI.

85 3062 452 3132 Mosconnum.
485 3061 573 3124 orn
605 3047 838 3148 Vlonsrpm
864 3063 1057 3127 MARTH:
1073 3060 1193 3126 nnus

84 3185 178 3252 DEO
199 3181 374 3264 AMEN,·?
384 3204 395 3262 ,·
1169 3257 1171 3260 Α

85 3324 107 3369 a
128 3301 263 3369 foliosa
286 3315 389 3379 usquc
411 3295 453 3362 ad
474 3297 570 3363 finem
591 3299 740 3383 leguntur
760 3295 883 3363 Valerii
901 3295 1010 3361 Flacci
1025 3297 1192 3378 Argonau-

84 3420 158 3499 tica,
181 3415 298 3499 quibus
313 3414 439 3481 adiecta
454 3420 503 3481 est
517 3417 629 3481 eadem
645 3415 846 3499 subscriptio,
869 3413 931 3478 nisi
948 3413 1034 3496 quod
1048 3413 1101 3478 hic
1119 3420 1193 3496 post

85 3536 302 3605 BERTOOH
306 3536 374 3600 VM
394 3534 512 3618 legitur
538 3533 797 3602 REGIENSES
821 3537 854 3599 ct
880 3533 1083 3600 SEPTIMA
1109 3533 1191 3597 MA·-

84 3657 160 3722 ΠΙ]
180 3674 239 3737 pro
268 3652 486 3720 VIGESIMA
508 3655 685 3719 MARTII.
718 3651 846 3718 conbta
868 3657 916 3718 est
938 3651 980 3717 ab
1004 3649 1143 3714 Hertzio.

160 3771 261 3839 Tertii
276 3770 394 3837 ordinis
410 3770 556 3837 codicum
572 3771 709 3855 primurn
724 3771 846 3837 obtinet
859 3769 967 3835 locum
978 3768 1190 3847 Strozzianus

84 3912 161 3957 nam
181 3890 220 3975 is,
243 3910 313 3956 curn
333 3909 444 3955 ornnes
464 3908 505 3954 ex
525 3889 638 3956 eodem
659 3889 834 3975 archetypo
855 3887 998 3953 familiae
1012 3886 1191 3952 Basileensi

84 4010 266 4095 propinquo
287 4007 421 4093 proiecti
442 4026 514 4074 esso
535 4007 714 4086 uideantur,
736 4008 835 4073 multo
859 4007 963 4073 minus
985 4004 1191 4092 degenerauit

85 4149 183 4212 quam
205 4127 310 4194 ceteri.
344 4125 451 4211 qualis
472 4131 580 4192 autem
595 4145 667 4191 mea
682 4126 811 4208 quidem
826 4128 984 4193 sententia
1003 4124 1098 4191 fuerit
1118 4144 1191 4208 pro-

83 4246 248 4336 pinquitas
270 4245 416 4314 codicum
436 4244 586 4332 omnium,
609 4247 742 4314 schema
763 4244 940 4313 subiectum
962 4243 1118 4312 ostendat.
1145 4298 1147 4302 ,
