2948 5010
611 408 820 478 ...95-

165 576 222 660 qui
249 597 320 643 cum
348 577 499 661 flagraret
526 598 636 644 amore
664 600 724 646 neo
751 585 859 663 posset
884 577 959 662 frui,
989 577 1091 661 magis
1116 577 1263 663 asperius

165 687 327 753 urebatur.
357 685 390 753 at
411 687 556 754 homines
578 685 758 756 calamitate
780 695 912 773 accepta
935 687 1013 755 deos
1034 688 1196 756 adiutores
1216 690 1263 754 iu-

165 817 285 864 uooare
307 805 488 882 coeperunt.
513 803 589 863 tuno
606 798 723 880 Aquilo
744 799 830 865 misit
851 798 934 864 lilios
956 797 1186 879 adulescentes,
1209 800 1264 882 qui

164 906 307 991 Operam
329 908 402 974 cani
423 907 594 974 traderent.
624 907 693 990 ipse
714 907 790 974 flatu
812 929 871 974 suo
894 907 981 974 canis
1003 908 1149 974 ardorem
1171 909 1264 975 seda-

162 1017 219 1096 uit.
250 1018 306 1101 qni
326 1018 419 1084 flatus
442 1019 561 1084 etesiae
582 1016 735 1082 dicuntur.
765 1018 882 1084 amoris
910 1025 1015 1084 autem
1041 1019 1194 1085 memoria
1215 1039 1263 1085 re·
1288 1043 1300 1080 ⁵

165 1127 295 1192 mansit:
325 1146 363 1193 eo
385 1133 542 1213 tempore,
566 1147 628 1209 quo
653 1126 761 1209 Opera
784 1125 834 1214 [id
855 1133 903 1192 est
924 1127 1081 1215 pomatio]
1105 1133 1167 1212 est,
1190 1148 1263 1193 eum

166 1236 240 1302 oriri
261 1235 541 1304 feruentissimum.
573 1257 658 1322 quae
684 1244 790 1303 autem
816 1243 866 1302 est
894 1236 990 1303 stella
1014 1237 1172 1321 incapite
1195 1238 1263 1304 eius

163 1346 240 1412 Isis
261 1346 389 1425 dicitur,
417 1368 513 1430 quam
540 1349 668 1432 quidam
690 1346 832 1412 Sirium
860 1347 967 1412 dicunt
994 1347 1035 1412 ab
1054 1346 1179 1414 ardore.
1208 1349 1264 1414 alii

163 1463 270 1522 autem
290 1457 373 1522 hanc
395 1475 466 1524 esse
489 1458 596 1524 dicuut
610 1458 736 1525 Orionis
758 1476 871 1524 canem
893 1476 1038 1547 eumque*
1052 1458 1197 1524 omnibus
1219 1457 1264 1523 fe·

163 1567 208 1631 ris
229 1566 381 1632 immitem
403 1566 504 1634 fuisse
527 1589 598 1633 cum
620 1568 738 1635 Orione
760 1566 920 1634 sideribus
943 1568 1142 1633 collocatum.
1168 1567 1264 1633 habet
1277 1592 1302 1632 ιο

162 1675 275 1743 stellas
291 1677 360 1773 'sxa
382 1677 440 1744 sed
461 1679 568 1745 canis
589 1680 686 1745 habet
707 1679 833 1745 stellam
854 1678 888 1742 in
909 1676 1020 1760 lingua
1040 1700 1061 1756 1,
1084 1699 1179 1761 quam
1201 1697 1263 1743 ca-

162 1784 328 1853 niculam
358 1787 571 1873 appellamus,
603 1789 736 1869 claram,
766 1789 799 1853 in
829 1789 926 1855 armis
955 1787 1090 1871 singulis
1119 1785 1264 1868 singulas

163 1897 327 1975 obscuras,
355 1898 387 1962 in
408 1903 534 1981 pectore
556 1898 651 1976 duas,
676 1899 711 1965 in
732 1899 815 1984 pede
836 1901 940 1984 priore
961 1922 1012 1977 111,
1040 1898 1075 1963 in
1096 1901 1208 1963 uentre
1229 1918 1262 1976 11,

162 2005 196 2069 iu
218 2005 345 2072 sinistro
369 2006 487 2073 femore
503 2032 523 2093 1,
546 2009 580 2073 in
594 2015 735 2075 extremo
759 2011 842 2094 pede
864 2010 982 2075 claram
997 2032 1018 2087 1,
1039 2007 1074 2073 in
1088 2006 1190 2073 canda
1203 2028 1261 2070 1111.

162 2114 241 2179 liunt
261 2117 331 2180 'sum
368 2118 461 2182 situm
491 2118 616 2200 signum
645 2119 727 2184 iuter
748 2119 918 2185 hiemalem
940 2119 1097 2202 tropicum
1119 2123 1150 2180 et
1171 2116 1300 2182 arcti-1⁵

162 2243 235 2288 cum
256 2227 508 2307 subterraneum,
531 2228 617 2311 quod
639 2229 759 2295 notium
781 2235 921 2294 uocatur.
945 2247 1027 2311 quae
1042 2231 1091 2294 est
1105 2226 1139 2291 in
1153 2225 1264 2309 lingua

164 2335 234 2401 eius
257 2338 435 2404 canicula
457 2337 579 2404 dicitur.
730 2324 731 2333 ἵ

247 2446 301 2512 Sic
322 2453 489 2531 utrumque
512 2447 621 2537 oritur]

247 2556 310 2623 Hic
336 2555 449 2624 dicitur
472 2555 599 2624 Orionis
629 2579 739 2626 canem
761 2558 875 2644 fugere
896 2558 1053 2624 uenantis.
1084 2577 1158 2645 nam
1181 2577 1261 2636 oum,

162 2728 177 2781 1
196 2744 317 2783 amorem
337 2735 384 2783 ΑΡ
401 2728 416 2800 Η
435 2746 527 2785 amore
551 2733 602 2784 Vct
636 2730 649 2800 Η
674 2732 691 2786 2
709 2729 745 2783 ad
763 2733 811 2782 ΑΡ
829 2729 841 2802 Η
863 2729 1049 2783 calamitatem
1068 2734 1091 2781 P
1113 2729 1125 2800 ΙΙ
1150 2729 1262 2798 accepti

161 2818 207 2868 ΔΡ
226 2815 239 2887 Η
260 2821 378 2889 accepta
399 2820 487 2872 Velio.
511 2818 522 2888 Η
549 2821 578 2871 et
595 2818 725 2871 inuocare
745 2822 767 2870 Ρ
790 2817 803 2889 Η
828 2818 844 2873 3
864 2815 1059 2870 adolescentes
1077 2821 1100 2870 Ρ
1121 2815 1134 2885 Η
1158 2816 1177 2870 4
1194 2831 1260 2886 ope-

160 2919 219 2956 ram
238 2908 284 2956 ΑΡ
301 2903 314 2976 Η
335 2904 462 2960 saedauit
480 2911 502 2958 P
520 2904 533 2977 Η
557 2905 575 2960 5
594 2903 712 2958 &aceiae
730 2909 777 2956 ΔΡ
794 2903 808 2976 Η
827 2905 912 2958 moris
931 2907 979 2956 ΑΡ
996 2901 1010 2974 Η
1031 2902 1132 2957 umoris
1151 2905 1262 2954 Strozz.

161 3001 187 3043 et
206 2993 297 3046 Vatia.
331 2992 343 3062 Η
376 2995 496 3064 dopcra
514 2996 562 3045 ΔΡ
591 2991 604 3063 Η
637 2992 666 3045 id
686 2996 730 3047 est
748 2993 871 3063 pomatio
891 2995 976 3043 cerac
1009 2987 1023 3060 Η
1054 2989 1194 3062 pomatioe
1214 3005 1263 3043 sau

160 3078 294 3133 moririA
327 3079 339 3150 Η
371 3079 494 3152 pomatio
514 3079 716 3134 eseumoririP
744 3079 759 3153 Η
790 3078 913 3150 pomatio
933 3081 1057 3132 osteum
1081 3077 1146 3131 oriri
1167 3080 1263 3144 scripsi

161 3164 177 3234 Η
203 3181 258 3236 quo
277 3165 402 3221 homines
421 3170 502 3221 aestu
519 3167 588 3221 mori
607 3166 891 3238 frequentissimume
918 3164 931 3237 Η
957 3165 1143 3236 8quidemA
1174 3163 1187 3235 Η
1217 3179 1260 3233 ey-

160 3252 230 3306 rium
249 3257 295 3305 ΔΡ
311 3253 323 3323 Η
346 3254 431 3307 odore
450 3258 497 3306 ΑΡ
515 3253 528 3326 Η
549 3255 647 3310 ardore
667 3275 678 3308 r
698 3255 1091 3320 cl.setcl.Ap.Rtod.11517
1110 3258 1143 3322 os.
1162 3254 1261 3314 Meter,

160 3343 270 3393 sterno.
289 3361 316 3410 ρ.
330 3347 383 3393 uo
402 3339 416 3412 Η
437 3343 471 3398 10
489 3342 614 3396 inmitem
633 3347 655 3411 Ρ
680 3341 693 3413 Η
716 3343 802 3397 habet
821 3341 918 3396 stellas
938 3340 1016 3408 (stell
1035 3343 1065 3406 P)
1084 3360 1129 3394 xx.
1149 3337 1200 3394 sed
1217 3340 1265 3388 ΔΡ

160 3430 280 3494 sortasse
300 3432 452 3496 rependam:
473 3429 556 3506 ‚canis
575 3430 661 3484 habet
680 3430 777 3484 stellas
795 3448 841 3482 xx.
860 3428 947 3482 habet
965 3428 1075 3483 stellam
1104 3427 1117 3500 Η
1146 3427 1178 3480 11
1197 3421 1263 3478 stell

161 3519 181 3565 Ρ
200 3514 214 3587 Η
235 3517 270 3570 12
289 3515 376 3581 claras
394 3520 417 3567 P
435 3517 448 3585 Η
468 3527 529 3584 post
549 3517 651 3571 claram
671 3521 771 3570 oddoni
790 3521 899 3570 Strozz.
914 3527 940 3569 et
959 3518 1047 3571 Vrbis.
1067 3516 1095 3567 in
1114 3511 1186 3567 collo
1205 3528 1226 3561 11
1247 3509 1260 3579 Η
1333 3525 1340 3539 ·

162 3603 196 3658 13
207 3603 301 3673 priore
310 3618 404 3688 Q
419 3609 440 3656 P
458 3604 471 3675 Η
492 3605 520 3659 in
538 3604 610 3675 pede
629 3605 721 3675 priore
740 3604 854 3658 sinistro
874 3623 918 3671 111,
937 3605 967 3658 iu
980 3604 1078 3658 dextro
1099 3619 1108 3653 1
1129 3603 1185 3652 Str.
1201 3600 1260 3652 Vrb.

160 3698 174 3768 11
194 3698 232 3753 14
248 3702 371 3752 οιῒτθιηο
391 3717 459 3750 corr.
480 3717 515 3750 ea
532 3698 630 3752 dextro
651 3705 672 3750 Ρ
690 3697 702 3769 Η
724 3700 757 3755 15
775 3700 893 3754 hiemale
912 3705 932 3751 Α
955 3698 968 3769 Η
988 3696 1112 3768 hyemale
1132 3700 1153 3748 P
1170 3697 1184 3765 Η
1203 3699 1260 3749 tro·

160 3786 225 3856 pieo
243 3789 267 3838 8ι
285 3786 392 3839 arctico
411 3785 590 3840 subterreano
609 3786 800 3853 (subterraneo
820 3791 840 3838 Δ
861 3795 929 3839 testo
947 3787 1058 3852 Kiessl.)
1077 3787 1125 3836 ΑΡ
1141 3787 1260 3837 correar't

164 3875 278 3926 retrone
298 3869 312 3943 Η
332 3874 529 3925 ‘subterraneus
548 3884 637 3926 autem
655 3883 767 3926 uocatur
786 3878 907 3939 circulus,
928 3877 996 3942 qaod
1013 3876 1064 3925 illo
1082 3875 1172 3925 sidero
1192 3872 1260 3934 defi-

161 3965 209 4026 cit,
228 3979 295 4029 quoe
313 3963 453 4028 proposito
473 3963 562 4029 eliqua
581 3965 794 4028 poli⁴oltitudioe
814 3978 953 4031 atrncqoom
966 3977 1001 4012 ea
1014 3960 1154 4012 horizonte
1173 3975 1260 4011 emer-

162 4047 238 4113 prmt'
250 4048 415 4101 Salinatori.
435 4044 449 4115 Η
470 4047 503 4102 16
515 4047 624 4101 nonium
638 4052 659 4100 P
676 4047 690 4119 ΙΙ
710 4049 744 4103 17
757 4048 835 4103 diour
849 4053 870 4101 Α
886 4047 899 4119 Η
915 4063 985 4117 quae
996 4078 1030 4088 -
1041 4045 1142 4100 dieitur
1161 4049 1258 4098 deleuit

162 4150 173 4186 ε
191 4132 205 4205 ΙΙ
224 4122 261 4192 18
277 4137 440 4202 praecedant
452 4137 538 4189 Germ.
552 4153 576 4188 u.
586 4141 687 4205 moq-
708 4135 721 4206 Η
742 4137 775 4192 19
790 4138 849 4192 Coi.
860 4146 895 4190 ³4
908 4139 1028 4204 lippinus
1042 4139 1069 4187 P.
1081 4137 1112 4187 A.
1125 4137 1153 4185 ΙΙ
1162 4141 1197 4185 33
1215 4133 1258 4201 qai

163 4222 384 4288 redamantium,
402 4225 439 4277 id.
453 4225 498 4274 m
508 4227 545 4274 ³2
564 4220 578 4293 Η
597 4221 654 4276 Hic
672 4227 691 4278 i.
704 4240 726 4277 e.
740 4227 815 4292 lepus
835 4221 849 4295 Η
