<?xml version="1.0" encoding="UTF-8"?>
<!DOCTYPE html PUBLIC "-//W3C//DTD XHTML 1.0 Transitional//EN"
    "http://www.w3.org/TR/xhtml1/DTD/xhtml1-transitional.dtd">
<html xmlns="http://www.w3.org/1999/xhtml" xml:lang="en" lang="en">
 <head>
  <title>
</title>
<meta http-equiv="Content-Type" content="text/html;charset=utf-8" />
  <meta name='ocr-system' content='tesseract 3.04.00' />
  <meta name='ocr-capabilities' content='ocr_page ocr_carea ocr_par ocr_line ocrx_word'/>
</head>
<body>
  <div class='ocr_page' id='page_1' title='image "./germanicicaesar00breygoog_0033.png"; bbox 0 0 2948 5010; ppageno 0'>
   <div class='ocr_carea' id='block_1_1' title="bbox 593 460 868 504">
    <p class='ocr_par' dir='ltr' id='par_1_1' title="bbox 593 460 868 504">
     <span class='ocr_line' id='line_1_1' title="bbox 593 460 868 504; baseline 0.004 -1"><span class='ocrx_word' id='word_1_1' title='bbox 593 474 637 486; x_wconf 89' lang='grc'><em>·-</em></span> <span class='ocrx_word' id='word_1_2' title='bbox 678 460 782 504; x_wconf 82' lang='lat' dir='ltr'>XXVIII</span> <span class='ocrx_word' id='word_1_3' title='bbox 824 475 868 489; x_wconf 90' lang='lat'>····</span> 
     </span>
    </p>
   </div>
   <div class='ocr_carea' id='block_1_2' title="bbox 109 609 1345 4129">
    <p class='ocr_par' dir='ltr' id='par_1_2' title="bbox 109 609 1284 808">
     <span class='ocr_line' id='line_1_2' title="bbox 109 609 1284 691; baseline 0.008 -22"><span class='ocrx_word' id='word_1_4' title='bbox 109 664 111 668; x_wconf 93' lang='lat'><em>.</em></span> <span class='ocrx_word' id='word_1_5' title='bbox 177 609 270 673; x_wconf 78' lang='grc' dir='ltr'><strong>ΒΑΕ.</strong></span> <span class='ocrx_word' id='word_1_6' title='bbox 293 609 343 674; x_wconf 88' lang='lat' dir='ltr'><em>bie</em></span> <span class='ocrx_word' id='word_1_7' title='bbox 366 624 419 675; x_wconf 88' lang='lat' dir='ltr'><em>est.</em></span> <span class='ocrx_word' id='word_1_8' title='bbox 442 611 613 675; x_wconf 78' lang='lat' dir='ltr'><em>stellarum.</em></span> <span class='ocrx_word' id='word_1_9' title='bbox 635 610 711 691; x_wconf 83' lang='lat' dir='ltr'><em>ordo</em></span> <span class='ocrx_word' id='word_1_10' title='bbox 727 614 842 676; x_wconf 77' lang='lat' dir='ltr'><em>oetera.</em></span> <span class='ocrx_word' id='word_1_11' title='bbox 872 611 930 674; x_wconf 81' lang='lat' dir='ltr'><em>DE</em></span> <span class='ocrx_word' id='word_1_12' title='bbox 952 609 1088 676; x_wconf 78' lang='lat' dir='ltr'>STELL</span> <span class='ocrx_word' id='word_1_13' title='bbox 1112 611 1284 678; x_wconf 75' lang='lat' dir='ltr'><em>Stellarum</em></span> 
     </span>
     <span class='ocr_line' id='line_1_3' title="bbox 178 726 395 808; baseline 0.009 -18"><span class='ocrx_word' id='word_1_14' title='bbox 178 727 241 792; x_wconf 87' lang='lat' dir='ltr'><em>alie</em></span> <span class='ocrx_word' id='word_1_15' title='bbox 262 726 395 808; x_wconf 86' lang='lat' dir='ltr'><em>reliqua.</em></span> 
     </span>
    </p>

    <p class='ocr_par' dir='ltr' id='par_1_3' title="bbox 175 844 1345 1176">
     <span class='ocr_line' id='line_1_4' title="bbox 269 844 1345 934; baseline 0 -22"><span class='ocrx_word' id='word_1_16' title='bbox 269 850 299 912; x_wconf 79' lang='lat'><em>5.</em></span> <span class='ocrx_word' id='word_1_17' title='bbox 339 846 437 912; x_wconf 74' lang='lat' dir='ltr'><em>eodem</em></span> <span class='ocrx_word' id='word_1_18' title='bbox 464 847 663 913; x_wconf 73' lang='lat' dir='ltr'><em>bibliothecae</em></span> <span class='ocrx_word' id='word_1_19' title='bbox 699 850 870 914; x_wconf 85' lang='lat' dir='ltr'><em>Vatioorrae</em></span> <span class='ocrx_word' id='word_1_20' title='bbox 895 849 1003 934; x_wconf 70' lang='lat' dir='ltr'><em>reairm</em></span> <span class='ocrx_word' id='word_1_21' title='bbox 1029 850 1122 929; x_wconf 74' lang='lat'><strong><em>1324,</em></strong></span> <span class='ocrx_word' id='word_1_22' title='bbox 1156 845 1284 913; x_wconf 77' lang='lat' dir='ltr'><em>charta-</em></span> <span class='ocrx_word' id='word_1_23' title='bbox 1344 844 1345 848; x_wconf 29' lang='lat'>¹</span> 
     </span>
     <span class='ocr_line' id='line_1_5' title="bbox 176 962 1284 1058; baseline 0.001 -30"><span class='ocrx_word' id='word_1_24' title='bbox 176 981 267 1046; x_wconf 86' lang='lat' dir='ltr'><em>oeus,</em></span> <span class='ocrx_word' id='word_1_25' title='bbox 290 962 393 1028; x_wconf 85' lang='lat' dir='ltr'><em>forma</em></span> <span class='ocrx_word' id='word_1_26' title='bbox 415 963 567 1048; x_wconf 84' lang='lat' dir='ltr'><em>maxima,</em></span> <span class='ocrx_word' id='word_1_27' title='bbox 591 983 675 1030; x_wconf 83' lang='lat' dir='ltr'><em>seeo.</em></span> <span class='ocrx_word' id='word_1_28' title='bbox 698 964 768 1030; x_wconf 90' lang='lat' dir='ltr'><em>XV.</em></span> <span class='ocrx_word' id='word_1_29' title='bbox 798 970 870 1049; x_wconf 90' lang='lat' dir='ltr'><em>post</em></span> <span class='ocrx_word' id='word_1_30' title='bbox 891 964 1012 1058; x_wconf 81' lang='lat' dir='ltr'><strong>Hygini</strong></span> <span class='ocrx_word' id='word_1_31' title='bbox 1032 963 1161 1048; x_wconf 83' lang='lat' dir='ltr'><em>poetiea</em></span> <span class='ocrx_word' id='word_1_32' title='bbox 1182 969 1284 1029; x_wconf 82' lang='lat' dir='ltr'><em>astro·</em></span> 
     </span>
     <span class='ocr_line' id='line_1_6' title="bbox 175 1080 654 1176; baseline 0.004 -32"><span class='ocrx_word' id='word_1_33' title='bbox 175 1081 303 1147; x_wconf 82' lang='lat' dir='ltr'><em>nomios</em></span> <span class='ocrx_word' id='word_1_34' title='bbox 326 1080 454 1176; x_wconf 78' lang='lat' dir='ltr'><em>exhibet</em></span> <span class='ocrx_word' id='word_1_35' title='bbox 474 1081 529 1154; x_wconf 84' lang='lat' dir='ltr'><em>fol.</em></span> <span class='ocrx_word' id='word_1_36' title='bbox 546 1087 586 1150; x_wconf 79' lang='lat'><em>21</em></span> <span class='ocrx_word' id='word_1_37' title='bbox 603 1102 654 1147; x_wconf 82' lang='lat' dir='ltr'><em>au.</em></span> 
     </span>
    </p>

    <p class='ocr_par' dir='ltr' id='par_1_4' title="bbox 174 1201 1282 1636">
     <span class='ocr_line' id='line_1_7' title="bbox 481 1201 987 1288; baseline 0.006 -24"><span class='ocrx_word' id='word_1_38' title='bbox 481 1202 627 1286; x_wconf 82' lang='lat' dir='ltr'><em>Eaplioit</em></span> <span class='ocrx_word' id='word_1_39' title='bbox 649 1201 728 1267; x_wconf 84' lang='lat' dir='ltr'><em>libor</em></span> <span class='ocrx_word' id='word_1_40' title='bbox 749 1202 864 1288; x_wconf 69' lang='lat' dir='ltr'><em>byaioi</em></span> <span class='ocrx_word' id='word_1_41' title='bbox 986 1249 987 1252; x_wconf 17' lang='grc' dir='ltr'>η</span> 
     </span>
     <span class='ocr_line' id='line_1_8' title="bbox 422 1318 940 1405; baseline 0.004 -24"><span class='ocrx_word' id='word_1_42' title='bbox 422 1318 520 1382; x_wconf 75' lang='lat' dir='ltr'><em>liber</em></span> <span class='ocrx_word' id='word_1_43' title='bbox 541 1321 626 1405; x_wconf 82' lang='lat' dir='ltr'><em>capit</em></span> <span class='ocrx_word' id='word_1_44' title='bbox 647 1319 748 1384; x_wconf 82' lang='lat' dir='ltr'><em>Arati</em></span> <span class='ocrx_word' id='word_1_45' title='bbox 767 1319 940 1385; x_wconf 72' lang='lat' dir='ltr'><em>exordium.</em></span> 
     </span>
     <span class='ocr_line' id='line_1_9' title="bbox 175 1433 1282 1518; baseline 0.001 -19"><span class='ocrx_word' id='word_1_46' title='bbox 175 1440 326 1499; x_wconf 86' lang='lat' dir='ltr'><em>secuntur</em></span> <span class='ocrx_word' id='word_1_47' title='bbox 352 1433 467 1501; x_wconf 85' lang='lat' dir='ltr'><em>eedem</em></span> <span class='ocrx_word' id='word_1_48' title='bbox 497 1434 620 1501; x_wconf 84' lang='lat' dir='ltr'><em>soholis</em></span> <span class='ocrx_word' id='word_1_49' title='bbox 648 1454 731 1518; x_wconf 84' lang='lat' dir='ltr'><em>qnae</em></span> <span class='ocrx_word' id='word_1_50' title='bbox 758 1435 791 1499; x_wconf 89' lang='lat' dir='ltr'><em>in</em></span> <span class='ocrx_word' id='word_1_51' title='bbox 809 1435 987 1510; x_wconf 17' lang='lat' dir='ltr'><em>&#39;eodieibus</em></span> <span class='ocrx_word' id='word_1_52' title='bbox 1015 1434 1282 1518; x_wconf 76' lang='lat' dir='ltr'>sangallensibus</span> 
     </span>
     <span class='ocr_line' id='line_1_10' title="bbox 174 1552 1014 1636; baseline 0.004 -20"><span class='ocrx_word' id='word_1_53' title='bbox 174 1553 324 1636; x_wconf 85' lang='lat' dir='ltr'><em>leguntur</em></span> <span class='ocrx_word' id='word_1_54' title='bbox 345 1554 522 1635; x_wconf 89' lang='lat' dir='ltr'><em>eodemque</em></span> <span class='ocrx_word' id='word_1_55' title='bbox 545 1552 665 1618; x_wconf 83' lang='lat' dir='ltr'>ordine.</span> <span class='ocrx_word' id='word_1_56' title='bbox 695 1552 835 1636; x_wconf 73' lang='lat' dir='ltr'><em>inspexit</em></span> <span class='ocrx_word' id='word_1_57' title='bbox 856 1553 1014 1619; x_wconf 81' lang='lat' dir='ltr'><em>Hertzius.</em></span> 
     </span>
    </p>

    <p class='ocr_par' dir='ltr' id='par_1_5' title="bbox 172 1671 1281 1992">
     <span class='ocr_line' id='line_1_11' title="bbox 258 1671 1281 1753; baseline 0.003 -18"><span class='ocrx_word' id='word_1_58' title='bbox 258 1671 408 1737; x_wconf 83' lang='lat' dir='ltr'><em>Veterem</em></span> <span class='ocrx_word' id='word_1_59' title='bbox 429 1671 520 1736; x_wconf 90' lang='lat' dir='ltr'><em>illum</em></span> <span class='ocrx_word' id='word_1_60' title='bbox 535 1672 623 1737; x_wconf 85' lang='lat' dir='ltr'><em>Arati</em></span> <span class='ocrx_word' id='word_1_61' title='bbox 643 1672 848 1753; x_wconf 86' lang='lat' dir='ltr'><em>interpretem</em></span> <span class='ocrx_word' id='word_1_62' title='bbox 869 1671 1002 1736; x_wconf 86' lang='lat' dir='ltr'><em>latinum</em></span> <span class='ocrx_word' id='word_1_63' title='bbox 1017 1692 1088 1737; x_wconf 90' lang='lat' dir='ltr'><em>eum</em></span> <span class='ocrx_word' id='word_1_64' title='bbox 1109 1672 1240 1739; x_wconf 89' lang='lat' dir='ltr'><em>seholiis</em></span> <span class='ocrx_word' id='word_1_65' title='bbox 1263 1692 1281 1738; x_wconf 93' lang='lat' dir='ltr'><em>e</em></span> 
     </span>
     <span class='ocr_line' id='line_1_12' title="bbox 172 1789 1280 1876; baseline 0.001 -21"><span class='ocrx_word' id='word_1_66' title='bbox 172 1812 290 1876; x_wconf 84' lang='lat' dir='ltr'><em>grasso</em></span> <span class='ocrx_word' id='word_1_67' title='bbox 312 1790 416 1855; x_wconf 88' lang='lat' dir='ltr'><em>uersis</em></span> <span class='ocrx_word' id='word_1_68' title='bbox 438 1796 566 1874; x_wconf 79' lang='lat' dir='ltr'><em>praeter</em></span> <span class='ocrx_word' id='word_1_69' title='bbox 586 1789 769 1855; x_wconf 80' lang='lat' dir='ltr'><em>Parisinum</em></span> <span class='ocrx_word' id='word_1_70' title='bbox 793 1789 944 1856; x_wconf 82' lang='lat' dir='ltr'><em>exhibent</em></span> <span class='ocrx_word' id='word_1_71' title='bbox 965 1795 1065 1857; x_wconf 92' lang='lat' dir='ltr'><em>totum</em></span> <span class='ocrx_word' id='word_1_72' title='bbox 1088 1790 1121 1854; x_wconf 93' lang='lat' dir='ltr'><em>hi</em></span> <span class='ocrx_word' id='word_1_73' title='bbox 1143 1791 1206 1857; x_wconf 91' lang='lat' dir='ltr'><em>duo</em></span> <span class='ocrx_word' id='word_1_74' title='bbox 1229 1810 1280 1856; x_wconf 88' lang='lat' dir='ltr'><em>eo-</em></span> 
     </span>
     <span class='ocr_line' id='line_1_13' title="bbox 175 1908 475 1992; baseline 0.01 -20"><span class='ocrx_word' id='word_1_75' title='bbox 175 1908 262 1975; x_wconf 86' lang='lat' dir='ltr'><em>dioes</em></span> <span class='ocrx_word' id='word_1_76' title='bbox 472 1988 475 1992; x_wconf 21' lang='lat'><strong>¹</strong></span> 
     </span>
    </p>

    <p class='ocr_par' dir='ltr' id='par_1_6' title="bbox 111 2025 1328 3416">
     <span class='ocr_line' id='line_1_14' title="bbox 261 2025 1328 2123; baseline -0.001 -32"><span class='ocrx_word' id='word_1_77' title='bbox 261 2031 288 2092; x_wconf 90' lang='lat'><em>1.</em></span> <span class='ocrx_word' id='word_1_78' title='bbox 312 2028 410 2094; x_wconf 75' lang='lat' dir='ltr'><em>eodem</em></span> <span class='ocrx_word' id='word_1_79' title='bbox 426 2029 562 2115; x_wconf 82' lang='lat' dir='ltr'><em>biblioth.</em></span> <span class='ocrx_word' id='word_1_80' title='bbox 576 2053 640 2114; x_wconf 80' lang='lat' dir='ltr'><em>rep.</em></span> <span class='ocrx_word' id='word_1_81' title='bbox 652 2028 875 2093; x_wconf 81' lang='lat' dir='ltr'><em>Braaelleosis</em></span> <span class='ocrx_word' id='word_1_82' title='bbox 885 2025 1168 2113; x_wconf 83' lang='lat'><em>(10615-10729)‚</em></span> <span class='ocrx_word' id='word_1_83' title='bbox 1183 2047 1279 2093; x_wconf 85' lang='lat' dir='ltr'><em>mem·</em></span> <span class='ocrx_word' id='word_1_84' title='bbox 1325 2121 1328 2123; x_wconf 11' lang='grc' dir='ltr'><strong>Δ</strong></span> 
     </span>
     <span class='ocr_line' id='line_1_15' title="bbox 172 2145 1278 2230; baseline 0.002 -20"><span class='ocrx_word' id='word_1_85' title='bbox 172 2145 364 2230; x_wconf 63' lang='lat' dir='ltr'><em>branaoeus</em></span> <span class='ocrx_word' id='word_1_86' title='bbox 392 2147 495 2215; x_wconf 80' lang='lat' dir='ltr'><em>forme</em></span> <span class='ocrx_word' id='word_1_87' title='bbox 517 2146 671 2225; x_wconf 85' lang='lat' dir='ltr'><em>maxima,</em></span> <span class='ocrx_word' id='word_1_88' title='bbox 699 2164 784 2210; x_wconf 84' lang='lat' dir='ltr'><em>seeo.</em></span> <span class='ocrx_word' id='word_1_89' title='bbox 802 2145 876 2210; x_wconf 90' lang='lat' dir='ltr'>XII.</span> <span class='ocrx_word' id='word_1_90' title='bbox 908 2146 949 2210; x_wconf 84' lang='lat' dir='ltr'><em>ab</em></span> <span class='ocrx_word' id='word_1_91' title='bbox 971 2145 1099 2211; x_wconf 87' lang='lat' dir='ltr'><em>Hertzio</em></span> <span class='ocrx_word' id='word_1_92' title='bbox 1123 2146 1278 2212; x_wconf 84' lang='lat' dir='ltr'><em>conlatus.</em></span> 
     </span>
     <span class='ocr_line' id='line_1_16' title="bbox 171 2239 1277 2350; baseline 0.003 -21"><span class='ocrx_word' id='word_1_93' title='bbox 171 2282 323 2330; x_wconf 88' lang='lat' dir='ltr'><em>numerus</em></span> <span class='ocrx_word' id='word_1_94' title='bbox 347 2271 450 2335; x_wconf 87' lang='grc'>10698</span> <span class='ocrx_word' id='word_1_95' title='bbox 474 2264 692 2350; x_wconf 88' lang='lat' dir='ltr'><em>eompleetitur</em></span> <span class='ocrx_word' id='word_1_96' title='bbox 713 2262 791 2329; x_wconf 84' lang='lat' dir='ltr'><em>folia</em></span> <span class='ocrx_word' id='word_1_97' title='bbox 807 2239 955 2332; x_wconf 77' lang='lat'>99-105</span> <span class='ocrx_word' id='word_1_98' title='bbox 971 2283 1023 2327; x_wconf 85' lang='lat' dir='ltr'><em>au.</em></span> <span class='ocrx_word' id='word_1_99' title='bbox 1046 2262 1157 2348; x_wconf 78' lang='lat' dir='ltr'><em>incipit</em></span> <span class='ocrx_word' id='word_1_100' title='bbox 1178 2266 1277 2333; x_wconf 84' lang='lat' dir='ltr'><em>Prae-</em></span> 
     </span>
     <span class='ocr_line' id='line_1_17' title="bbox 162 2368 1278 2467; baseline 0.003 -20"><span class='ocrx_word' id='word_1_101' title='bbox 162 2383 257 2467; x_wconf 87' lang='lat' dir='ltr'><em>faeio</em></span> <span class='ocrx_word' id='word_1_102' title='bbox 272 2384 378 2448; x_wconf 84' lang='lat' dir='ltr'><em>Arati.</em></span> <span class='ocrx_word' id='word_1_103' title='bbox 406 2383 560 2448; x_wconf 87' lang='lat' dir='ltr'><em>Praelara</em></span> <span class='ocrx_word' id='word_1_104' title='bbox 577 2385 709 2448; x_wconf 74' lang='lat' dir='ltr'><em>ostensio</em></span> <span class='ocrx_word' id='word_1_105' title='bbox 724 2385 814 2448; x_wconf 90' lang='lat' dir='ltr'><em>saeri</em></span> <span class='ocrx_word' id='word_1_106' title='bbox 832 2384 967 2448; x_wconf 83' lang='lat' dir='ltr'><em>aolamis</em></span> <span class='ocrx_word' id='word_1_107' title='bbox 988 2368 1125 2465; x_wconf 66' lang='lat' dir='ltr'><em>reliqua.</em></span> <span class='ocrx_word' id='word_1_108' title='bbox 1148 2384 1244 2450; x_wconf 84' lang='lat' dir='ltr'><em>Ioaol</em></span> <span class='ocrx_word' id='word_1_109' title='bbox 1266 2427 1278 2435; x_wconf 94' lang='lat'>-</span> 
     </span>
     <span class='ocr_line' id='line_1_18' title="bbox 171 2499 1279 2588; baseline 0.001 -22"><span class='ocrx_word' id='word_1_110' title='bbox 171 2504 219 2566; x_wconf 87' lang='lat' dir='ltr'><em>aio</em></span> <span class='ocrx_word' id='word_1_111' title='bbox 236 2527 334 2588; x_wconf 86' lang='lat' dir='ltr'><em>spere.</em></span> <span class='ocrx_word' id='word_1_112' title='bbox 357 2501 422 2564; x_wconf 90' lang='lat' dir='ltr'><em>Hie</em></span> <span class='ocrx_word' id='word_1_113' title='bbox 439 2515 484 2565; x_wconf 90' lang='lat' dir='ltr'><em>est</em></span> <span class='ocrx_word' id='word_1_114' title='bbox 499 2502 630 2567; x_wconf 69' lang='lat' dir='ltr'><em>stellari</em></span> <span class='ocrx_word' id='word_1_115' title='bbox 646 2499 722 2567; x_wconf 85' lang='lat' dir='ltr'><em>ordo</em></span> <span class='ocrx_word' id='word_1_116' title='bbox 737 2514 876 2588; x_wconf 68' lang='lat' dir='ltr'><em>atrozpq3</em></span> <span class='ocrx_word' id='word_1_117' title='bbox 897 2503 1048 2583; x_wconf 66' lang='lat' dir='ltr'><em>arroalozp</em></span> <span class='ocrx_word' id='word_1_118' title='bbox 1065 2516 1175 2566; x_wconf 87' lang='lat' dir='ltr'><em>oetera.</em></span> <span class='ocrx_word' id='word_1_119' title='bbox 1200 2499 1279 2567; x_wconf 85' lang='lat' dir='ltr'><em>inde</em></span> 
     </span>
     <span class='ocr_line' id='line_1_19' title="bbox 171 2609 1276 2702; baseline 0.004 -19"><span class='ocrx_word' id='word_1_120' title='bbox 171 2618 212 2683; x_wconf 83' lang='lat' dir='ltr'><em>ab</em></span> <span class='ocrx_word' id='word_1_121' title='bbox 235 2621 377 2684; x_wconf 82' lang='lat' dir='ltr'><em>extremo</em></span> <span class='ocrx_word' id='word_1_122' title='bbox 404 2615 479 2683; x_wconf 89' lang='lat' dir='ltr'><em>folio</em></span> <span class='ocrx_word' id='word_1_123' title='bbox 503 2622 545 2686; x_wconf 84' lang='lat'><em>99</em></span> <span class='ocrx_word' id='word_1_124' title='bbox 560 2617 635 2683; x_wconf 84' lang='lat' dir='ltr'><em>edu.</em></span> <span class='ocrx_word' id='word_1_125' title='bbox 663 2617 775 2702; x_wconf 89' lang='lat' dir='ltr'><em>ineipit</em></span> <span class='ocrx_word' id='word_1_126' title='bbox 796 2619 913 2685; x_wconf 79' lang='lat' dir='ltr'><em>Aratus</em></span> <span class='ocrx_word' id='word_1_127' title='bbox 933 2618 1052 2684; x_wconf 84' lang='lat' dir='ltr'><em>latinus</em></span> <span class='ocrx_word' id='word_1_128' title='bbox 1074 2621 1106 2685; x_wconf 81' lang='lat' dir='ltr'><em>A</em></span> <span class='ocrx_word' id='word_1_129' title='bbox 1128 2623 1198 2686; x_wconf 77' lang='lat' dir='ltr'><em>iaae</em></span> <span class='ocrx_word' id='word_1_130' title='bbox 1220 2609 1276 2687; x_wconf 70' lang='lat' dir='ltr'><em>iei-</em></span> 
     </span>
     <span class='ocr_line' id='line_1_20' title="bbox 166 2737 1278 2824; baseline 0.002 -23"><span class='ocrx_word' id='word_1_131' title='bbox 166 2737 251 2822; x_wconf 77' lang='lat' dir='ltr'><em>pirn⁹</em></span> <span class='ocrx_word' id='word_1_132' title='bbox 266 2744 330 2824; x_wconf 68' lang='lat' dir='ltr'><em>qai</em></span> <span class='ocrx_word' id='word_1_133' title='bbox 347 2743 404 2824; x_wconf 70' lang='lat' dir='ltr'><em>apa</em></span> <span class='ocrx_word' id='word_1_134' title='bbox 419 2737 490 2802; x_wconf 83' lang='lat' dir='ltr'><em>oiri</em></span> <span class='ocrx_word' id='word_1_135' title='bbox 507 2738 692 2824; x_wconf 78' lang='lat' dir='ltr'><em>relinquim⁹</em></span> <span class='ocrx_word' id='word_1_136' title='bbox 707 2738 869 2803; x_wconf 84' lang='lat' dir='ltr'><em>Arabaam</em></span> <span class='ocrx_word' id='word_1_137' title='bbox 891 2756 919 2803; x_wconf 85' lang='lat' dir='ltr'><em>e.</em></span> <span class='ocrx_word' id='word_1_138' title='bbox 936 2758 966 2819; x_wconf 86' lang='lat' dir='ltr'><em>q.</em></span> <span class='ocrx_word' id='word_1_139' title='bbox 982 2756 1007 2802; x_wconf 79' lang='lat' dir='ltr'><em>e.</em></span> <span class='ocrx_word' id='word_1_140' title='bbox 1023 2738 1189 2804; x_wconf 76' lang='lat' dir='ltr'><em>interiecta</em></span> <span class='ocrx_word' id='word_1_141' title='bbox 1204 2743 1278 2803; x_wconf 85' lang='lat' dir='ltr'><em>sunt</em></span> 
     </span>
     <span class='ocr_line' id='line_1_21' title="bbox 111 2853 1276 2939; baseline 0.003 -18"><span class='ocrx_word' id='word_1_142' title='bbox 111 2888 112 2891; x_wconf 36' lang='lat'>¹</span> <span class='ocrx_word' id='word_1_143' title='bbox 171 2854 294 2921; x_wconf 84' lang='lat' dir='ltr'><em>soholie</em></span> <span class='ocrx_word' id='word_1_144' title='bbox 314 2853 561 2920; x_wconf 83' lang='lat' dir='ltr'><em>Phaenomenis.</em></span> <span class='ocrx_word' id='word_1_145' title='bbox 593 2853 642 2919; x_wconf 91' lang='lat' dir='ltr'><em>his</em></span> <span class='ocrx_word' id='word_1_146' title='bbox 665 2855 900 2939; x_wconf 83' lang='lat' dir='ltr'><em>subiunguntur</em></span> <span class='ocrx_word' id='word_1_147' title='bbox 921 2856 1094 2924; x_wconf 86' lang='lat' dir='ltr'><em>Diosemea</em></span> <span class='ocrx_word' id='word_1_148' title='bbox 1117 2876 1199 2939; x_wconf 84' lang='lat' dir='ltr'><em>quae</em></span> <span class='ocrx_word' id='word_1_149' title='bbox 1222 2855 1276 2924; x_wconf 88' lang='lat' dir='ltr'><em>de-</em></span> 
     </span>
     <span class='ocr_line' id='line_1_22' title="bbox 170 2972 1275 3055; baseline 0.005 -17"><span class='ocrx_word' id='word_1_150' title='bbox 170 2973 278 3038; x_wconf 88' lang='lat' dir='ltr'><em>sinunt</em></span> <span class='ocrx_word' id='word_1_151' title='bbox 298 2972 352 3038; x_wconf 83' lang='lat' dir='ltr'><em>fol.</em></span> <span class='ocrx_word' id='word_1_152' title='bbox 372 2977 433 3042; x_wconf 85' lang='lat'><em>104</em></span> <span class='ocrx_word' id='word_1_153' title='bbox 448 2973 523 3038; x_wconf 84' lang='lat' dir='ltr'><em>edu.</em></span> <span class='ocrx_word' id='word_1_154' title='bbox 546 2975 605 3040; x_wconf 86' lang='lat' dir='ltr'><em>ool.</em></span> <span class='ocrx_word' id='word_1_155' title='bbox 622 2995 650 3039; x_wconf 86' lang='lat' dir='ltr'><em>a.</em></span> <span class='ocrx_word' id='word_1_156' title='bbox 679 2981 829 3039; x_wconf 84' lang='lat' dir='ltr'><em>secuntur</em></span> <span class='ocrx_word' id='word_1_157' title='bbox 850 2977 999 3041; x_wconf 80' lang='lat' dir='ltr'><em>ARATI</em></span> <span class='ocrx_word' id='word_1_158' title='bbox 1014 2978 1077 3042; x_wconf 85' lang='lat' dir='ltr'><em>EA</em></span> <span class='ocrx_word' id='word_1_159' title='bbox 1100 2977 1193 3055; x_wconf 77' lang='lat' dir='ltr'><em>QVE</em></span> <span class='ocrx_word' id='word_1_160' title='bbox 1218 2981 1275 3044; x_wconf 89' lang='lat' dir='ltr'><em>VI-</em></span> 
     </span>
     <span class='ocr_line' id='line_1_23' title="bbox 168 3081 1281 3182; baseline 0.01 -28"><span class='ocrx_word' id='word_1_161' title='bbox 168 3092 359 3156; x_wconf 80' lang='lat' dir='ltr'><em>DENTVR</em></span> <span class='ocrx_word' id='word_1_162' title='bbox 384 3091 539 3157; x_wconf 70' lang='lat' dir='ltr'><em>sterosiorrb</em></span> <span class='ocrx_word' id='word_1_163' title='bbox 566 3081 623 3180; x_wconf 41' lang='grc' dir='ltr'><em>ξφ·</em></span> <span class='ocrx_word' id='word_1_164' title='bbox 650 3093 688 3159; x_wconf 87' lang='lat' dir='ltr'><em>de</em></span> <span class='ocrx_word' id='word_1_165' title='bbox 715 3083 780 3182; x_wconf 77' lang='lat' dir='ltr'><em>q&#39;b,·</em></span> <span class='ocrx_word' id='word_1_166' title='bbox 806 3092 954 3158; x_wconf 79' lang='lat' dir='ltr'><em>uideatur</em></span> <span class='ocrx_word' id='word_1_167' title='bbox 982 3099 1096 3161; x_wconf 78' lang='lat' dir='ltr'><em>cetera.</em></span> <span class='ocrx_word' id='word_1_168' title='bbox 1131 3098 1281 3164; x_wconf 77' lang='lat' dir='ltr'><em>ARATI</em></span> 
     </span>
     <span class='ocr_line' id='line_1_24' title="bbox 169 3208 1274 3293; baseline 0.009 -19"><span class='ocrx_word' id='word_1_169' title='bbox 169 3209 321 3276; x_wconf 69' lang='lat' dir='ltr'><strong><em>GENVS</em></strong></span> <span class='ocrx_word' id='word_1_170' title='bbox 342 3209 429 3293; x_wconf 88' lang='lat' dir='ltr'><em>quod</em></span> <span class='ocrx_word' id='word_1_171' title='bbox 450 3208 505 3276; x_wconf 84' lang='lat' dir='ltr'><em>fol.</em></span> <span class='ocrx_word' id='word_1_172' title='bbox 524 3215 585 3281; x_wconf 85' lang='lat'><em>105</em></span> <span class='ocrx_word' id='word_1_173' title='bbox 600 3232 652 3278; x_wconf 80' lang='lat' dir='ltr'><em>an.</em></span> <span class='ocrx_word' id='word_1_174' title='bbox 669 3212 729 3278; x_wconf 88' lang='lat' dir='ltr'><em>ool.</em></span> <span class='ocrx_word' id='word_1_175' title='bbox 746 3232 766 3276; x_wconf 83' lang='lat' dir='ltr'>a</span> <span class='ocrx_word' id='word_1_176' title='bbox 786 3211 833 3276; x_wconf 79' lang='lat' dir='ltr'><em>ita</em></span> <span class='ocrx_word' id='word_1_177' title='bbox 853 3211 971 3278; x_wconf 80' lang='lat' dir='ltr'><em>desinit</em></span> <span class='ocrx_word' id='word_1_178' title='bbox 991 3216 1205 3284; x_wconf 81' lang='lat' dir='ltr'><em>mathematice</em></span> <span class='ocrx_word' id='word_1_179' title='bbox 1226 3244 1274 3284; x_wconf 88' lang='lat' dir='ltr'><em>re-</em></span> 
     </span>
     <span class='ocr_line' id='line_1_25' title="bbox 162 3327 1235 3416; baseline 0.005 -23"><span class='ocrx_word' id='word_1_180' title='bbox 162 3330 273 3414; x_wconf 74' lang='lat' dir='ltr'><em>pimus</em></span> <span class='ocrx_word' id='word_1_181' title='bbox 295 3342 351 3393; x_wconf 82' lang='lat' dir='ltr'><em>aut</em></span> <span class='ocrx_word' id='word_1_182' title='bbox 372 3328 432 3394; x_wconf 74' lang='lat' dir='ltr'><em>illa</em></span> <span class='ocrx_word' id='word_1_183' title='bbox 457 3343 484 3394; x_wconf 89' lang='lat' dir='ltr'><em>et</em></span> <span class='ocrx_word' id='word_1_184' title='bbox 506 3332 597 3397; x_wconf 85' lang='lat' dir='ltr'><em>illam</em></span> <span class='ocrx_word' id='word_1_185' title='bbox 620 3346 648 3398; x_wconf 90' lang='lat' dir='ltr'><em>et</em></span> <span class='ocrx_word' id='word_1_186' title='bbox 669 3356 738 3416; x_wconf 82' lang='lat' dir='ltr'><em>sap.</em></span> <span class='ocrx_word' id='word_1_187' title='bbox 1233 3327 1235 3330; x_wconf 44' lang='grc'>’</span> 
     </span>
    </p>

    <p class='ocr_par' dir='ltr' id='par_1_7' title="bbox 165 3447 1274 4129">
     <span class='ocr_line' id='line_1_26' title="bbox 253 3447 1274 3537; baseline 0.007 -23"><span class='ocrx_word' id='word_1_188' title='bbox 253 3451 284 3514; x_wconf 80' lang='lat'><em>2.</em></span> <span class='ocrx_word' id='word_1_189' title='bbox 317 3447 415 3512; x_wconf 81' lang='lat' dir='ltr'><em>oodeoe</em></span> <span class='ocrx_word' id='word_1_190' title='bbox 437 3449 609 3515; x_wconf 77' lang='lat' dir='ltr'><em>Parisinus</em></span> <span class='ocrx_word' id='word_1_191' title='bbox 631 3452 767 3517; x_wconf 79' lang='lat' dir='ltr'><em>biblioth.</em></span> <span class='ocrx_word' id='word_1_192' title='bbox 790 3453 900 3537; x_wconf 85' lang='lat' dir='ltr'><em>imper.</em></span> <span class='ocrx_word' id='word_1_193' title='bbox 924 3452 1020 3532; x_wconf 80' lang='lat'><em>7887,</em></span> <span class='ocrx_word' id='word_1_194' title='bbox 1044 3451 1119 3517; x_wconf 89' lang='lat' dir='ltr'><em>olim</em></span> <span class='ocrx_word' id='word_1_195' title='bbox 1143 3452 1274 3520; x_wconf 73' lang='lat' dir='ltr'><em>Gelbes-</em></span> 
     </span>
     <span class='ocr_line' id='line_1_27' title="bbox 166 3564 1274 3651; baseline 0.005 -20"><span class='ocrx_word' id='word_1_196' title='bbox 166 3566 261 3645; x_wconf 87' lang='lat' dir='ltr'><em>tinns‚</em></span> <span class='ocrx_word' id='word_1_197' title='bbox 285 3564 389 3631; x_wconf 86' lang='lat' dir='ltr'><em>forma</em></span> <span class='ocrx_word' id='word_1_198' title='bbox 412 3565 579 3651; x_wconf 79' lang='lat' dir='ltr'><em>quadrata,</em></span> <span class='ocrx_word' id='word_1_199' title='bbox 603 3586 688 3633; x_wconf 80' lang='lat' dir='ltr'><em>seeo.</em></span> <span class='ocrx_word' id='word_1_200' title='bbox 703 3570 751 3634; x_wconf 90' lang='lat' dir='ltr'><em>IX</em></span> <span class='ocrx_word' id='word_1_201' title='bbox 773 3568 922 3634; x_wconf 89' lang='lat' dir='ltr'><em>ineuntis.</em></span> <span class='ocrx_word' id='word_1_202' title='bbox 952 3569 1137 3635; x_wconf 80' lang='lat' dir='ltr'><em>resentioris</em></span> <span class='ocrx_word' id='word_1_203' title='bbox 1159 3591 1274 3638; x_wconf 84' lang='lat' dir='ltr'><em>manus</em></span> 
     </span>
     <span class='ocr_line' id='line_1_28' title="bbox 166 3678 1272 3768; baseline 0.008 -19"><span class='ocrx_word' id='word_1_204' title='bbox 166 3683 405 3768; x_wconf 76' lang='lat' dir='ltr'><em>inscriptionem</em></span> <span class='ocrx_word' id='word_1_205' title='bbox 434 3704 512 3768; x_wconf 82' lang='lat' dir='ltr'><em>pree</em></span> <span class='ocrx_word' id='word_1_206' title='bbox 541 3704 577 3750; x_wconf 89' lang='lat' dir='ltr'><em>se</em></span> <span class='ocrx_word' id='word_1_207' title='bbox 609 3684 671 3750; x_wconf 82' lang='lat' dir='ltr'><em>fert</em></span> <span class='ocrx_word' id='word_1_208' title='bbox 700 3688 850 3752; x_wconf 84' lang='lat' dir='ltr'><em>ARATI</em></span> <span class='ocrx_word' id='word_1_209' title='bbox 871 3688 933 3750; x_wconf 84' lang='lat' dir='ltr'><em>EA</em></span> <span class='ocrx_word' id='word_1_210' title='bbox 962 3687 1088 3765; x_wconf 77' lang='lat' dir='ltr'><strong><em>QVAE</em></strong></span> <span class='ocrx_word' id='word_1_211' title='bbox 1119 3678 1272 3758; x_wconf 85' lang='lat' dir='ltr'><em>VIDEN-</em></span> 
     </span>
     <span class='ocr_line' id='line_1_29' title="bbox 169 3800 1272 3887; baseline 0.008 -20"><span class='ocrx_word' id='word_1_212' title='bbox 169 3803 289 3874; x_wconf 76' lang='lat' dir='ltr'><em>TVRr.</em></span> <span class='ocrx_word' id='word_1_213' title='bbox 313 3803 446 3886; x_wconf 86' lang='lat' dir='ltr'><em>praebet</em></span> <span class='ocrx_word' id='word_1_214' title='bbox 467 3800 585 3868; x_wconf 87' lang='lat' dir='ltr'><em>deinde</em></span> <span class='ocrx_word' id='word_1_215' title='bbox 607 3823 627 3868; x_wconf 87' lang='lat' dir='ltr'><strong>a</strong></span> <span class='ocrx_word' id='word_1_216' title='bbox 647 3801 702 3867; x_wconf 81' lang='lat' dir='ltr'><em>fol.</em></span> <span class='ocrx_word' id='word_1_217' title='bbox 718 3809 738 3871; x_wconf 79' lang='lat'><strong>2</strong></span> <span class='ocrx_word' id='word_1_218' title='bbox 754 3825 804 3870; x_wconf 86' lang='lat' dir='ltr'><em>au.</em></span> <span class='ocrx_word' id='word_1_219' title='bbox 829 3823 931 3887; x_wconf 89' lang='lat' dir='ltr'><em>usque</em></span> <span class='ocrx_word' id='word_1_220' title='bbox 953 3805 994 3869; x_wconf 86' lang='lat' dir='ltr'><em>ad</em></span> <span class='ocrx_word' id='word_1_221' title='bbox 1017 3804 1072 3872; x_wconf 91' lang='lat' dir='ltr'><em>fol.</em></span> <span class='ocrx_word' id='word_1_222' title='bbox 1088 3812 1108 3875; x_wconf 89' lang='lat'>6</span> <span class='ocrx_word' id='word_1_223' title='bbox 1124 3807 1196 3872; x_wconf 84' lang='lat' dir='ltr'><em>adu.</em></span> <span class='ocrx_word' id='word_1_224' title='bbox 1222 3830 1272 3876; x_wconf 84' lang='lat' dir='ltr'><em>oa-</em></span> 
     </span>
     <span class='ocr_line' id='line_1_30' title="bbox 166 3920 1272 4011; baseline 0.003 -22"><span class='ocrx_word' id='word_1_225' title='bbox 166 3929 223 4008; x_wconf 85' lang='lat' dir='ltr'><em>put</em></span> <span class='ocrx_word' id='word_1_226' title='bbox 238 3920 485 3989; x_wconf 83' lang='lat' dir='ltr'><em>astronomieum</em></span> <span class='ocrx_word' id='word_1_227' title='bbox 501 3939 519 3985; x_wconf 92' lang='lat' dir='ltr'><em>e</em></span> <span class='ocrx_word' id='word_1_228' title='bbox 534 3939 651 4003; x_wconf 82' lang='lat' dir='ltr'><em>graeco</em></span> <span class='ocrx_word' id='word_1_229' title='bbox 666 3923 845 3988; x_wconf 82' lang='lat' dir='ltr'><em>traductum</em></span> <span class='ocrx_word' id='word_1_230' title='bbox 864 3921 1080 4007; x_wconf 75' lang='lat' dir='ltr'><em>(ostensionem</em></span> <span class='ocrx_word' id='word_1_231' title='bbox 1096 3948 1218 4011; x_wconf 81' lang='lat' dir='ltr'><em>qaoque</em></span> <span class='ocrx_word' id='word_1_232' title='bbox 1229 3967 1272 3976; x_wconf 95' lang='lat'><strong>—</strong></span> 
     </span>
     <span class='ocr_line' id='line_1_31' title="bbox 165 4038 1271 4129; baseline 0.003 -21"><span class='ocrx_word' id='word_1_233' title='bbox 165 4045 200 4108; x_wconf 83' lang='lat' dir='ltr'><em>io</em></span> <span class='ocrx_word' id='word_1_234' title='bbox 215 4043 252 4108; x_wconf 89' lang='lat' dir='ltr'><em>id</em></span> <span class='ocrx_word' id='word_1_235' title='bbox 267 4045 371 4129; x_wconf 82' lang='lat' dir='ltr'><em>ipsam</em></span> <span class='ocrx_word' id='word_1_236' title='bbox 386 4040 581 4128; x_wconf 67' lang='lat' dir='ltr'><em>supperunt),</em></span> <span class='ocrx_word' id='word_1_237' title='bbox 598 4039 686 4105; x_wconf 79' lang='lat' dir='ltr'><em>afol.</em></span> <span class='ocrx_word' id='word_1_238' title='bbox 697 4045 717 4108; x_wconf 92' lang='grc'><strong>6</strong></span> <span class='ocrx_word' id='word_1_239' title='bbox 729 4040 804 4105; x_wconf 80' lang='lat' dir='ltr'><em>adU.</em></span> <span class='ocrx_word' id='word_1_240' title='bbox 827 4061 929 4123; x_wconf 85' lang='lat' dir='ltr'><em>usque</em></span> <span class='ocrx_word' id='word_1_241' title='bbox 945 4040 987 4106; x_wconf 83' lang='lat' dir='ltr'><em>ad</em></span> <span class='ocrx_word' id='word_1_242' title='bbox 1001 4038 1086 4109; x_wconf 73' lang='lat' dir='ltr'><em>1⁴01.ss</em></span> <span class='ocrx_word' id='word_1_243' title='bbox 1098 4039 1171 4106; x_wconf 84' lang='lat' dir='ltr'><em>adu.</em></span> <span class='ocrx_word' id='word_1_244' title='bbox 1189 4045 1271 4111; x_wconf 84' lang='lat' dir='ltr'><em>eins-</em></span> 
     </span>
    </p>
   </div>
   <div class='ocr_carea' id='block_1_3' title="bbox 49 4155 1269 4258">
    <p class='ocr_par' dir='ltr' id='par_1_8' title="bbox 49 4155 1269 4258">
     <span class='ocr_line' id='line_1_32' title="bbox 49 4155 1269 4258; baseline 0.004 -33"><span class='ocrx_word' id='word_1_245' title='bbox 49 4195 52 4199; x_wconf 91' lang='lat'>·</span> <span class='ocrx_word' id='word_1_246' title='bbox 165 4159 237 4225; x_wconf 90' lang='lat' dir='ltr'><em>dem</em></span> <span class='ocrx_word' id='word_1_247' title='bbox 252 4158 366 4242; x_wconf 84' lang='lat' dir='ltr'><em>eapitis</em></span> <span class='ocrx_word' id='word_1_248' title='bbox 388 4176 462 4241; x_wconf 85' lang='lat' dir='ltr'><em>pars</em></span> <span class='ocrx_word' id='word_1_249' title='bbox 484 4155 638 4240; x_wconf 90' lang='lat' dir='ltr'><em>repetitur</em></span> <span class='ocrx_word' id='word_1_250' title='bbox 650 4157 777 4240; x_wconf 82' lang='lat' dir='ltr'><em>(ALIA</em></span> <span class='ocrx_word' id='word_1_251' title='bbox 794 4160 963 4226; x_wconf 77' lang='lat' dir='ltr'><em>DESORI</em></span> <span class='ocrx_word' id='word_1_252' title='bbox 971 4160 998 4224; x_wconf 87' lang='lat' dir='ltr'><em>O</em></span> <span class='ocrx_word' id='word_1_253' title='bbox 1014 4157 1088 4258; x_wconf 85' lang='lat' dir='ltr'><em>(sio)</em></span> <span class='ocrx_word' id='word_1_254' title='bbox 1104 4163 1269 4230; x_wconf 80' lang='lat' dir='ltr'><em>PREFA-</em></span> 
     </span>
    </p>
   </div>
   <div class='ocr_carea' id='block_1_4' title="bbox 167 4275 1275 4365">
    <p class='ocr_par' dir='ltr' id='par_1_9' title="bbox 167 4275 1275 4365">
     <span class='ocr_line' id='line_1_33' title="bbox 167 4275 1275 4365; baseline 0.006 -23"><span class='ocrx_word' id='word_1_255' title='bbox 167 4275 342 4348; x_wconf 72' lang='lat' dir='ltr'><em>TIONISr</em></span> <span class='ocrx_word' id='word_1_256' title='bbox 354 4275 470 4342; x_wconf 77' lang='lat' dir='ltr'><em>Sabtas</em></span> <span class='ocrx_word' id='word_1_257' title='bbox 492 4279 854 4365; x_wconf 70' lang='lat' dir='ltr'><em>terra-semiplenis).</em></span> <span class='ocrx_word' id='word_1_258' title='bbox 886 4282 952 4341; x_wconf 81' lang='lat' dir='ltr'><em>nm</em></span> <span class='ocrx_word' id='word_1_259' title='bbox 968 4275 1111 4360; x_wconf 83' lang='lat' dir='ltr'><em>sequitur</em></span> <span class='ocrx_word' id='word_1_260' title='bbox 1125 4280 1275 4350; x_wconf 76' lang='lat' dir='ltr'><em>ARATI</em></span> 
     </span>
    </p>
   </div>
   <div class='ocr_carea' id='block_1_5' title="bbox 0 0 1478 5010">
    <p class='ocr_par' dir='ltr' id='par_1_10' title="bbox 0 0 1478 5010">
     <span class='ocr_line' id='line_1_34' title="bbox 0 0 1478 5010; baseline 0 4"><span class='ocrx_word' id='word_1_261' title='bbox 0 0 1478 5010; x_wconf 95' lang='lat' dir='ltr'><em> </em></span> 
     </span>
    </p>
   </div>
  </div>
 </body>
</html>
