2948 5010
599 421 905 493 -161-.

161 592 301 659 Naxiam
328 589 506 671 regionem,
542 589 596 654 ubi
624 589 760 653 nutritus
788 587 897 667 fuerit,
932 587 1050 672 petisse
1078 596 1109 655 et
1136 588 1312 672 regnumS

161 701 337 786 accepisse.
372 719 522 781 egressus
550 696 627 765 uero
659 699 699 764 de
727 701 820 764 Naxo
852 719 924 763 oum
952 698 1108 765 aduersus
1137 701 1272 766 Titanas

159 811 413 895 proficisceretur
436 815 467 874 et
489 808 680 889 sacrificium
702 809 831 886 faceret,
855 809 995 890 aquilam
1018 810 1048 874 ei
1070 810 1102 873 in
1127 811 1271 895 auspicio

160 921 351 1004 apparuisse
375 925 407 984 et
429 919 564 985 fulmina
587 919 796 983 ministrasse.
820 939 916 1001 quam
938 920 1022 984 bono
1039 920 1144 984 animo
1161 940 1271 1005 aecep-

160 1036 226 1094 tam
247 1030 367 1095 tutelae
391 1051 468 1096 suae
491 1030 678 1095 subiecisse.
712 1027 812 1093 habet
842 1034 945 1093 autern
977 1030 1089 1095 stellas
1111 1032 1144 1095 in
1168 1031 1272 1114 eapite
1298 1049 1309 1085 ⁵

161 1141 284 1205 claram
306 1163 334 1218 1,
362 1141 395 1204 in
424 1140 571 1206 humeris
587 1138 722 1220 singulis
745 1139 871 1203 alarum
894 1139 1051 1223 singulae,
1079 1139 1113 1203 in
1141 1147 1271 1223 pectore

161 1250 330 1315 obscuram
354 1273 374 1313 1.
410 1254 484 1314 sunt
511 1269 622 1315 omnes
644 1272 701 1312 rm.
738 1248 856 1328 sagitta
887 1254 1007 1326 autem,
1038 1269 1136 1332 quam
1163 1250 1273 1332 aquila

160 1363 249 1424 tenet
270 1360 303 1422 in
325 1358 476 1442 pedibus,
507 1357 622 1423 dieitur
645 1358 763 1440 sagitta
785 1357 945 1441 Apollinis
968 1358 1082 1443 luisse,
1114 1380 1184 1424 cum
1207 1380 1272 1441 qua

163 1467 324 1553 Cyclopes
353 1467 513 1532 interfecit
540 1488 612 1546 eos,
650 1468 702 1548 qui
731 1467 819 1531 louis
847 1465 970 1532 fulmen
998 1467 1156 1547 fecerunt,
1185 1469 1271 1551 quod
1372 1496 1380 1507 ·

162 1597 201 1642 eo
217 1578 280 1642 telo
296 1578 515 1661 Aesculapius,
531 1577 615 1641 filius
631 1577 709 1654 eius,
733 1597 752 1638 a
767 1576 843 1640 Ioue
859 1584 943 1641 esset
958 1577 1151 1643 interfectus.
1176 1600 1272 1661 quam
1286 1603 1310 1642 ιο

162 1687 315 1768 sagittam
342 1687 438 1752 astris
472 1687 594 1750 illatam
622 1684 810 1749 memoriam
836 1685 962 1750 uirtutis
988 1707 1065 1751 suae
1092 1688 1271 1770 reliquisse.

161 1795 261 1862 habet
282 1804 389 1863 autem
412 1797 523 1862 stellas
546 1819 604 1874 1111,
628 1797 661 1859 in
684 1814 806 1861 summo
829 1820 850 1880 1,
874 1797 907 1860 in
929 1796 1035 1862 medio
1059 1821 1079 1877 r,
1101 1799 1135 1863 in
1157 1800 1273 1883 pennis

163 1907 304 1990 sagittae
327 1909 419 1973 duas.

192 2060 196 2068 ·
249 2015 365 2083 Sidera
389 2036 471 2100 quae
495 2015 617 2102 mundi]

248 2127 427 2211 Neptunus,
450 2133 485 2191 ut
507 2125 730 2208 Artemidorus
752 2125 859 2205 refert,
882 2126 1095 2208 Amphitriten
1117 2128 1218 2191 uoluit
1240 2129 1274 2192 in
1288 2156 1311 2194 a

163 2237 347 2317 coniugium
363 2237 519 2322 accipere.
544 2256 627 2318 quae
650 2256 721 2300 oum
738 2236 778 2300 ob
793 2236 1007 2301 uerecundiae
1023 2216 1274 2318 magnitudinem

163 2350 194 2409 et
216 2345 409 2427 uirginitatis
426 2345 664 2412 obseruantiam
688 2343 731 2409 ad
746 2343 944 2411 Atlantidem
960 2345 1165 2430 confugisset,
1188 2346 1273 2429 Nep-

161 2541 393 2608 Eratosthenes
416 2550 524 2608 autem
540 2544 649 2606 Iouem
665 2543 700 2605 in
713 2542 856 2624 aquilam
870 2543 1127 2625 transfiguratum
1144 2543 1313 2616 Naxum&

163 2651 341 2735 regionem,
371 2654 425 2717 ubi
447 2653 583 2717 nutritus
606 2651 715 2730 fuerit,
747 2652 867 2734 petisse
888 2650 986 2716 refert
1009 2657 1039 2716 et
1061 2671 1196 2734 regnum
1219 2651 1275 2715 ad-

165 2761 360 2842 sumpsisse,
380 2782 545 2843 egressum
568 2783 645 2827 uero
669 2761 709 2826 de
731 2762 825 2826 Naxo
849 2759 935 2842 apud
958 2761 1090 2825 Titanas
1112 2780 1274 2843 pugnasse
1287 2785 1313 2822 20

164 2874 195 2934 et
217 2869 290 2935 ideo
315 2872 456 2952 aquilam
478 2873 561 2957 inter
585 2878 672 2936 astra
695 2871 891 2936 conlocasse.
925 2871 1023 2935 hahet
1045 2870 1154 2935 stellas
1169 2869 1188 2910 *
1203 2868 1259 2950 1*

210 2993 213 2999 ’
249 2980 433 3066 Neptunum
456 2983 544 3046 aiunt
568 2980 698 3047 fabulae
714 2987 880 3065 poetarum
897 2980 1119 3064 Amphitritem
1134 2981 1275 3045 uoluisse

163 3089 196 3152 in
219 3091 402 3171 coniugium
425 3092 580 3174 accipere.
605 3112 773 3175 quaecum
792 3091 832 3156 ob
856 3091 1072 3156 uerecundiae
1085 3079 1277 3171 magnitudi-

163 3219 237 3264 nem
249 3206 281 3264 et
292 3201 486 3281 uirginitatis
501 3182 736 3266 obseruantiam
748 3203 790 3266 ad
797 3201 961 3266 Atlantem
973 3201 1178 3284 confugisset,
1190 3200 1277 3283 Nep·
1296 3252 1301 3263 .

197 3397 216 3451 2
233 3399 345 3465 tytanas
364 3401 385 3448 V
404 3395 417 3466 Η
438 3398 455 3451 3
474 3397 670 3466 profisceretur
688 3403 709 3450 S
730 3397 742 3468 ll
764 3396 960 3451 sacrifitiums
980 3397 993 3464 ll
1013 3399 1031 3452 4
1048 3398 1202 3452 ministrass
1220 3400 1241 3447 S
1260 3392 1274 3464 Η
1294 3406 1315 3454 s

163 3482 362 3556 8Apollionis
381 3487 402 3535 S
422 3481 436 3552 ΙΙ
457 3485 473 3538 9
492 3484 617 3555 ciclopes
639 3495 658 3537 S
677 3484 691 3555 ll
712 3502 746 3538 eo
766 3484 841 3554 quod
866 3490 887 3537 V
906 3481 919 3554 A
941 3483 1055 3536 fulmina
1073 3484 1199 3537 facerent
1222 3486 1244 3532 V
1262 3479 1276 3550 ll

164 3571 199 3626 10
219 3571 378 3641 esculapius
398 3575 419 3624 S
438 3568 452 3642 A
474 3572 638 3642 exculapius
656 3577 678 3624 V
696 3571 710 3642 ll
732 3574 764 3626 11
785 3571 813 3623 in
831 3571 993 3624 memoriam
1012 3575 1033 3622 V
1053 3569 1065 3639 ll
1085 3568 1200 3638 reliquit
1223 3574 1245 3620 V
1264 3566 1276 3639 A

164 3662 259 3711 autem
278 3664 368 3711 ωηεν
387 3657 400 3729 ll
422 3661 456 3713 14
477 3665 564 3713 (lerna.
578 3666 720 3712 324-327
739 3663 758 3711 S
780 3658 794 3729 ll
815 3660 849 3714 15
867 3658 1062 3728 Amphictiten
1080 3649 1197 3722 corma
1209 3656 1277 3709 Am·

162 3746 290 3817 phitioen
309 3750 329 3797 S
350 3745 363 3817 Η
382 3746 574 3817 Amphiticem
592 3753 613 3800 V
633 3748 645 3818 ll
666 3747 791 3801 uoluisse
810 3751 831 3798 S
851 3745 864 3816 ll
886 3747 919 3799 17
939 3745 1091 3798 athlantem
1109 3747 1158 3795 SV
1178 3742 1191 3815 ll
1212 3759 1277 3796 oon·
1322 3748 1326 3755 '

162 3833 274 3903 fugisse
293 3839 313 3887 S
334 3833 348 3905 ll
1159 3854 1163 3861 ·
1229 3836 1231 3840 ⁴

201 3977 237 4030 18
255 3975 324 4028 Erat
343 3975 475 4028 osthenes
497 3974 574 4028 &⁰6¹⁶
596 3974 608 4045 ll
630 3976 724 4045 aquila
738 3977 802 4028 (36¹⁰
823 3973 836 4044 ll
857 3972 968 4026 naxium
989 3973 1027 4024 ga
1048 3970 1061 4041 ll
1081 3973 1192 4036 naxium
1208 3969 1243 4023 (1⁶
1264 3969 1317 4041 11⁶

166 4064 202 4118 19
221 4062 312 4117 fuerat
332 4064 356 4114 G
375 4071 438 4114 (ldie
458 4080 526 4113 corr.
547 4061 583 4115 (3⁶
605 4063 616 4132 ΙΙ
637 4065 671 4117 21
692 4062 783 4134 stellis
805 4063 828 4113 G
851 4059 864 4131 ll
884 4058 1040 4126 AQVILA
1061 4061 1084 4112 G
1105 4058 1118 4130 Π
1138 4063 1279 4126 imopiaem

166 4152 272 4201 adducat
292 4168 380 4202 omues
406 4148 420 4220 ll
447 4151 483 4204 22
502 4150 603 4202 aiutG
628 4149 642 4220 ll
668 4150 851 4222 amphitrione
873 4149 896 4199 G
917 4149 930 4216 ll
956 4145 1147 4218 amphitrioem
1168 4145 1245 4200 (1⁶6⁶
1266 4145 1280 4215 ll

165 4237 321 4293 noluissem
341 4233 498 4306 coniugium
516 4240 539 4290 G
558 4235 573 4307 ll
593 4237 629 4292 24
641 4239 764 4293 athlante
779 4240 802 4293 G
821 4235 835 4308 ll
857 4233 1018 4303 confugisse
1030 4233 1252 4287 ecasmorreoe
1267 4231 1280 4303 ll
