2948 5010
560 393 793 459 -145-

50 563 53 568 ’
116 569 169 630 tae
195 564 319 629 litterae
343 562 483 628 deltoton
506 569 635 645 uocant,
665 561 770 625 Latini
797 567 903 625 autem
932 561 972 626 ob
1003 564 1270 647 proprietatems

116 674 238 739 formae
261 673 458 755 triangulum
483 673 600 737 dieunt.
640 670 726 753 quod
755 670 886 752 quidam
909 672 950 736 ab
972 672 1050 737 Ioue
1072 692 1128 755 per
1149 675 1228 740 Mer-

116 783 237 849 eurium
259 783 343 847 inter
365 788 452 847 astra
474 784 614 867 positum
637 781 746 846 dieunt
768 801 865 865 super
886 782 992 865 capud
1014 782 1140 866 arietis,
1169 804 1227 867 pro

117 911 155 957 eo
179 893 266 974 quod
288 892 458 957 obscurum
483 911 555 956 esse
578 890 701 955 dieitur.
726 891 855 973 quidam
870 912 947 957 uero
964 892 1072 957 dieunt
1087 893 1227 977 Aegypti

115 1020 188 1068 esse
216 999 355 1084 effigiem
384 1002 488 1067 stellis
515 1001 684 1083 figuratam
708 1000 741 1064 in
762 1000 863 1067 tribus
887 1001 1032 1085 angulis,
1062 1001 1096 1065 id
1124 1008 1172 1067 est
1193 1002 1251 1067 ins

113 1111 250 1195 trigone,
274 1117 306 1175 et
326 1110 435 1176 Nilum
456 1112 552 1175 talem
575 1113 735 1178 ambitum·
749 1111 867 1177 faeere.
896 1111 996 1176 habet
1017 1112 1128 1176 stellas
1145 1094 1224 1196 tres,

113 1219 147 1283 in
164 1219 297 1303 siugulis
313 1220 442 1303 angulis
460 1221 612 1306 singulae,
637 1243 654 1286 e
678 1221 794 1303 quibus
817 1241 883 1285 una
906 1226 954 1286 est
969 1219 1086 1286 clarior
1101 1222 1224 1287 ceteris.

167 1374 173 1385 .
199 1329 285 1394 Inter
305 1329 444 1412 lanigeri
467 1329 603 1416 tergum]

135 1460 138 1464 ·
198 1439 309 1504 Pisces
331 1437 364 1502 hi
386 1444 459 1503 sunt
481 1440 612 1505 maioris
634 1440 731 1524 pisois
747 1440 888 1526 ἔκγονοι.
922 1439 1071 1523 Nigidius
1086 1439 1145 1506 hos
1160 1440 1223 1524 pis·

113 1568 166 1614 ees
194 1548 272 1613 dioit
296 1548 330 1613 in
351 1547 485 1613 Eufrate
512 1549 642 1614 flumine
674 1532 773 1614 fuisse
807 1557 838 1614 et
866 1549 910 1614 ibi
938 1569 1034 1614 ouum
1060 1549 1222 1616 inuenisse
1236 1577 1261 1616 ro

113 1658 213 1723 mirae
235 1645 474 1742 magnitudinis.
498 1663 529 1722 et
551 1660 718 1724 uoluentes
742 1679 838 1723 ouum
859 1659 1021 1723 eiecerunt
1040 1657 1074 1721 in
1095 1663 1221 1724 terram.

113 1773 211 1850 atque
233 1767 279 1832 ita
300 1768 480 1832 columbam
502 1765 661 1832 insedisse
683 1774 714 1833 et
736 1774 808 1850 post
823 1768 946 1849 aliquot
961 1766 1031 1832 dies
1046 1767 1222 1833 exclusisse

112 1876 208 1941 deam
237 1875 367 1961 Syriae,
406 1895 489 1958 quae
516 1881 648 1941 uocatur
671 1880 780 1943 Venus
808 1877 1008 1959 maximeque
1041 1877 1221 1943 miserieors

111 1984 155 2049 ad
176 1983 321 2049 homines
343 1985 537 2069 pertinebat,
566 2005 649 2068 quae
677 1988 776 2051 multa
801 1985 965 2073 [quaeque
987 1985 1031 2047 ad
1052 1985 1221 2053 utilitatem

109 2093 291 2158 hominibus
323 2099 485 2158 uterentur
512 2093 567 2181 ea]
598 2094 712 2159 dieitur
739 2095 912 2161 inuenisse.
952 2112 1033 2175 quae
1068 2097 1219 2177 quoniam
1234 2124 1257 2163 1⁵

109 2202 196 2267 Iouis
219 2201 349 2285 saepius
371 2204 561 2268 aMerourio
584 2203 708 2268 laudari
731 2204 951 2285 nominatique
974 2201 1108 2281 audiret,
1133 2203 1219 2285 quod

112 2318 198 2377 esset
218 2311 252 2375 in
275 2311 355 2377 deos
370 2310 531 2395 religiosa,
554 2311 588 2376 in
603 2311 785 2377 hominibus
801 2311 946 2378 officiosa
962 2310 1132 2393 diligenter
1152 2311 1220 2376 fue·

109 2498 264 2577 deltoton,
287 2498 394 2563 Latini
417 2498 458 2562 ob
480 2498 706 2581 proprietatem
729 2498 852 2563 formae
874 2497 1067 2581 triangulum
1089 2502 1256 2571 umento

110 2607 197 2688 quod
225 2607 355 2689 quidam
382 2606 529 2672 fabulose
556 2628 575 2672 a
604 2608 682 2673 Ioue
715 2627 773 2692 per
799 2607 991 2671 Mercurium
1017 2607 1099 2672 inter
1132 2612 1219 2671 astra

110 2715 251 2799 positum
279 2721 405 2798 putant,
433 2715 562 2797 quidam
588 2736 664 2782 uero
692 2721 823 2800 propter
850 2715 990 2798 Aegypti
1016 2715 1217 2798 positionem,
1230 2745 1257 2784 ao

110 2825 159 2889 eui
183 2824 292 2889 dieunt
313 2824 421 2890 Nilum
442 2825 538 2888 talem
562 2825 716 2889 ambitum
738 2824 856 2888 facere.
895 2823 995 2887 habet
1017 2829 1123 2886 autem
1147 2822 1219 2886 stel-

111 2932 160 2998 las
183 2940 257 3011 tres‚
280 2933 314 2996 in
336 2933 474 3016 singulis
496 2933 646 2998 uidelicet
668 2933 795 3017 angulis
818 2933 970 3016 singulas,
994 2951 1090 2994 unam
1105 2929 1219 2995 ceteris

112 3041 371 3125 splendidiorem.

148 3254 164 3307 1
184 3252 310 3307 deltaton
328 3258 349 3306 S
370 3252 382 3325 Η
403 3258 578 3324 propetatem
601 3260 623 3306 V
643 3253 654 3326 Η
679 3255 696 3308 3
715 3256 799 3323 eaput
821 3258 844 3305 V
867 3251 880 3323 Η
905 3251 923 3307 4
941 3251 1029 3322 egipti
1047 3221 1068 3305 S
1087 3248 1102 3323 Η
1122 3250 1218 3322 egypti
1235 3261 1256 3311 s

116 3344 138 3391 V
157 3338 170 3410 Η
190 3340 208 3394 5
226 3339 300 3394 idem
319 3341 348 3395 in
371 3346 393 3393 V
412 3350 425 3412 Η
446 3342 462 3395 7
481 3341 565 3394 etiam
583 3357 638 3394 una
661 3346 683 3392 V
701 3337 714 3408 Η
734 3342 752 3395 8
773 3344 861 3390 Gerra
875 3343 1017 3390 240-247
1036 3341 1056 3390 S
1079 3338 1094 3409 Η
1119 3341 1136 3393 9
1155 3340 1220 3393 sunt

109 3448 139 3497 et
156 3443 244 3498 maior
262 3444 351 3514 piscis
372 3453 425 3496 tans
445 3446 571 3496 dissidiae
591 3449 678 3496 linoae
699 3449 794 3496 laetitio
817 3446 840 3494 V
859 3440 872 3511 Η
899 3449 1033 3502 ΕΓΓΟΝΙ
1056 3445 1076 3492 S
1102 3440 1115 3509 Η
1140 3441 1174 3496 10
1192 3439 1233 3491 in·

111 3528 222 3583 flumine
242 3530 349 3584 eufrate
373 3535 396 3583 V
414 3528 427 3599 Η
448 3530 623 3583 inuenissent
641 3535 661 3580 S
687 3529 701 3601 Η
727 3531 760 3585 11
781 3527 855 3599 quod
874 3528 1021 3581 uoluentes
1045 3532 1067 3579 V
1085 3524 1098 3596 Η
1120 3540 1182 3577 eum
1200 3528 1220 3576 S

111 3634 161 3671 om.
179 3621 201 3668 V
220 3614 234 3686 Η
255 3632 336 3669 ouum
353 3620 449 3682 scripsi
469 3615 482 3686 Η
505 3618 538 3671 12
552 3615 706 3670 eolunbaS
728 3616 741 3687 Η
762 3618 797 3672 13
816 3614 930 3684 aliquod
943 3619 991 3666 SV
1010 3612 1024 3683 Η
1042 3614 1076 3667 13
1090 3615 1185 3664 eamS
1205 3609 1219 3680 Η

109 3701 176 3755 sirie
196 3706 217 3753 S
237 3701 250 3773 Η
271 3703 306 3756 14
323 3701 359 3754 ad
378 3721 447 3755 corr.
467 3720 503 3755 ear
522 3703 557 3756 ab
575 3706 597 3755 S
616 3701 629 3772 Η
654 3698 816 3772 ῆωηίῒαθ
843 3700 855 3772 Η
883 3698 1072 3770 quammulta
1096 3704 1117 3751 V
1137 3696 1151 3768 Η
1170 3693 1221 3769 dq3

108 3787 179 3840 adS
198 3785 212 3858 Η
233 3802 287 3857 que
305 3787 341 3840 ad
360 3794 381 3841 V
399 3787 411 3859 Η
432 3789 466 3844 15
484 3793 660 3844 uerterentur
677 3793 699 3841 V
717 3788 730 3859 Η
742 3803 878 3859 ,quaeque
889 3817 923 3826 —
934 3802 968 3849 ea
986 3789 1073 3839 delerit
1092 3784 1105 3854 Η
1125 3785 1159 3839 17
1179 3783 1220 3837 of-

108 3872 203 3928 litiosa
220 3878 241 3926 S
260 3872 275 3944 Η

144 4011 180 4066 18
198 4009 398 4080 probrietetem
416 4019 510 4063 mittet.
531 4027 566 4062 ea
585 4009 785 4080 proprietatem
806 4008 884 4063 gago
914 4007 927 4078 Η
960 4011 994 4064 19
1014 4007 1136 4062 fabulole
1156 4016 1258 4065 oeteo

108 4115 179 4149 corr.
195 4095 231 4148 G‘l
252 4095 265 4168 Η
285 4098 320 4151 21
338 4096 490 4150 hambitum
510 4096 538 4162 (h
550 4100 578 4148 te
591 4097 661 4162 ras.)
677 4098 715 4149 θ’
734 4094 747 4166 Η
768 4097 803 4151 22
820 4094 956 4149 uidelicet
973 4095 1110 4164 asingulis
1131 4090 1220 4147 GVGM

112 4179 125 4252 Η
147 4182 258 4251 singule
272 4185 296 4235 G
312 4182 327 4254 Η
345 4184 380 4239 23
392 4162 608 4237 DELTOTON
627 4185 728 4235 subeor.
744 4184 768 4234 θ
786 4181 801 4253 Η
820 4186 961 4250 imopirrem
975 4182 1072 4234 lubeat
1090 4176 1193 4233 agape
1208 4176 1222 4248 Η

992 4285 1026 4340 10
