2948 5010
568 423 709 480 -xxr
754 456 797 466 -

128 590 201 670 post
221 583 433 669 fragmentum
455 585 501 649 III
523 583 599 650 folio
623 590 664 655 52
688 587 826 655 aduerso
849 589 1039 673 subscriptio
1063 596 1113 657 est
1133 591 1212 657 haec
1337 574 1352 683 ⁵,

173 707 214 768 Τ.
244 705 383 770 claudii
412 705 558 770 cesaris
586 705 695 771 arati.
734 705 981 793 phenolmena
1010 711 1158 794 explicit
1185 715 1237 777 fe-

215 823 347 888 liciter.

127 941 211 1006 hanc
232 944 382 1006 secuntur
403 938 528 1005 scholia
550 939 590 1005 de
613 941 681 1007 sole
706 946 737 1006 et
758 942 844 1006 luna·
857 949 889 1009 et
911 950 1063 1028 excerpta
1078 946 1235 1027 Pliniana,

128 1057 466 1142 00100010162000.
489 1059 592 1124 altera
614 1080 728 1126 manus
750 1062 940 1146 subscripsit

172 1178 268 1242 Inier
291 1176 416 1243 Ooluoii
433 1180 533 1264 pyeri
552 1177 654 1263 (corr.
679 1197 719 1242 ex
736 1179 846 1266 paeri)
870 1181 908 1246 de
930 1181 1085 1268 Stipaaao
1108 1184 1235 1250 Ooocel-

213 1294 302 1381 ielrii
320 1296 507 1361 lloreauae'.

126 1415 160 1479 in
175 1411 301 1480 Arateis
322 1410 408 1476 idern
431 1412 497 1478 fere
520 1413 600 1479 ordo
620 1433 771 1479 uersuum
788 1421 936 1480 seruatur
949 1422 984 1481 ut
999 1417 1032 1481 in
1047 1417 1235 1485 Basileensi.

125 1531 243 1598 etenim
265 1551 297 1595 u.
315 1531 376 1599 143
400 1535 431 1594 et
452 1537 525 1614 post
546 1552 676 1598 uersum
694 1537 755 1600 134
776 1532 893 1614 legitur
921 1539 952 1600 et
981 1553 1039 1600 suo
1068 1536 1155 1616 loeo,
1185 1557 1235 1603 se

124 1654 188 1718 mel
217 1657 324 1716 autern
351 1648 557 1715 inueniuntur
579 1673 609 1715 u.
635 1658 694 1721 147
716 1658 747 1715 et
770 1656 840 1720 148.
870 1652 1003 1717 eosdem
1026 1673 1139 1721 uersus
1162 1678 1233 1722 cum

123 1768 302 1835 Basileensi
325 1769 529 1835 Strozzianus
557 1770 671 1837 omittit
699 1768 763 1854 0101
791 1769 876 1852 quod
903 1768 1001 1835 habet
1021 1794 1053 1837 u.
1070 1777 1142 1842 224.
1158 1781 1231 1846 400.

122 1893 197 1959 402.
214 1893 287 1957 513.
311 1885 512 1952 desideratur
533 1908 563 1954 u.
580 1894 654 1958 430.

209 2013 238 2076 8.
270 2005 369 2071 eodem
389 2008 523 2072 Vrbicus
546 2009 747 2074 bibliothecae
768 2009 938 2073 Vaticanus
961 2010 1051 2086 1358,
1074 2010 1228 2077 membra·
1258 2007 1286 2069 V

121 2144 254 2209 naceus,
277 2122 381 2190 forma
402 2125 553 2207 maxima,
577 2124 665 2190 foliis
687 2130 739 2202 54,
763 2124 884 2188 saeculi
899 2125 969 2189 XV.
995 2128 1128 2192 contulit
1149 2131 1230 2194 Her-

121 2246 214 2312 tzius.
244 2241 324 2308 10110
349 2247 365 2309 1
390 2262 504 2308 auerso
527 2244 659 2327 praebet
680 2243 763 2308 haee
790 2241 832 2305 Ia
858 2243 913 2307 too
936 2244 1041 2309 codice
1058 2247 1227 2333 frapmea·

121 2381 187 2431 tum
210 2365 309 2428 Arati
338 2363 377 2427 de
406 2365 508 2450 sipais
535 2363 718 2428 coelestibus
748 2373 776 2425 et
804 2361 926 2446 iqioies
944 2363 1159 2448 ,philosophae
1190 2366 1229 2432 de

120 2485 313 2571 imaginibus
335 2483 516 2546 conticetur.
543 2478 725 2546 1012000.
750 2480 872 2560 Aratus
893 2482 1044 2545 sicionios
1066 2484 1101 2546 ia
1122 2485 1230 2549 sieilia

119 2605 243 2668 nouiter
263 2613 405 2686 repertae
428 2599 540 2686 incipit
552 2599 706 2684 feliciter.
740 2596 883 2680 sequitur
904 2597 973 2662 uita
994 2599 1101 2686 Arati,
1131 2623 1228 2684 quam

120 2719 281 2804 excipiunt
308 2716 429 2786 scholia
458 2717 586 2783 Ocelum
613 2717 743 2782 circuita
772 2717 803 2781 V
823 2715 869 2780 ita
889 2709 1049 2782 'exeuntia
1076 2724 1227 2787 commercio

118 2843 217 2905 *uero
236 2838 389 2925 *precium
409 2837 617 2901 *commanem
639 2835 728 2899 habet
748 2835 880 2898 stellam.
905 2833 981 2899 inde
1003 2855 1023 2898 a
1045 2834 1123 2901 folio
1137 2842 1160 2904 4
1174 2857 1225 2901 au.

118 2962 267 3025 secuntur
288 2957 406 3021 Aratea
428 2973 500 3019 cum
521 2952 650 3018 scholiis
674 2951 856 3031 interiectis,
880 2950 1030 3018 finiuntur
1051 2974 1147 3021 uersu
1162 2961 1227 3027 430

124 3077 249 3144 Voeaiis
271 3062 373 3140 roalro
394 3097 490 3159 super
510 3072 624 3159 ydroq.
648 3073 728 3137 lueet
749 3072 904 3152 sequente
927 3072 1038 3138 sabula
1061 3072 1101 3138 de
1124 3073 1227 3160 hydra

117 3196 200 3261 Idea
221 3218 316 3280 super
337 3194 428 3256 euius
449 3191 584 3256 caudam
605 3227 653 3287 -Ὶ
666 3215 727 3277 per
749 3191 877 3275 0109010
900 3191 1009 3256 latere.
1036 3191 1225 3276 interposita

117 3312 196 3378 00110
210 3309 360 3395 imagine,
377 3309 428 3374 eui
443 3307 639 3392 adscriptum
653 3315 703 3375 est
718 3309 802 3375 deest
824 3310 859 3372 ia
874 3311 1060 3396 exemplari,
1082 3309 1225 3392 sequitur

115 3429 223 3496 10137
240 3426 314 3492 adu.
338 3426 450 3511 fragm.
462 3428 507 3490 III
521 3431 679 3496 52-163.
704 3408 823 3493 iudea
845 3426 953 3496 10139
968 3425 1043 3490 adu.
1065 3446 1166 3508 usque
1182 3426 1225 3491 ad

115 3547 170 3613 fol.
186 3550 227 3613 47
244 3565 296 3610 au.
325 3545 475 3630 leguntur
496 3544 620 3610 scholia
642 3543 683 3610 de
706 3545 789 3630 sole,
813 3552 886 3629 post
908 3566 992 3628 quae
1015 3545 1124 3627 imago
1147 3545 1224 3611 solis

115 3662 282 3748 repetitur,
310 3663 351 3727 de
371 3664 463 3742 luna,
492 3668 644 3746 excerpta
666 3662 815 3729 Pliniana
837 3684 909 3729 cum
932 3663 1148 3747 descriptione
1170 3685 1223 3748 po

114 3782 219 3846 lorum
242 3780 281 3844 cf.
305 3802 336 3865 p.
356 3785 416 3848 112
436 3781 544 3846 adnot.

201 3899 256 3965 101.
272 3904 313 3968 47
331 3919 383 3965 au.
406 3900 554 3984 leguntur
575 3899 676 3983 primo
699 3901 780 3966 haec
799 3902 945 3966 Priorum
967 3926 987 3964 a
1008 3901 1072 3964 soie
1093 3903 1223 3987 incipie-

114 4045 184 4085 mus
204 4022 365 4106 presepia.
392 4043 499 4104 paras
521 4020 625 4083 orieris
649 4016 701 4104 [cf.
724 4018 805 4082 Ρ110.
830 4038 860 4081 0.
875 4002 906 4081 hss
925 4017 1031 4082 XVIII
1046 4022 1119 4085 341.
1134 4017 1222 4105 3421,

113 4136 231 4202 deinde
253 4136 375 4223 Hygini
397 4137 431 4200 P.
452 4135 490 4199 Α.
513 4134 558 4200 IV
573 4140 702 4220 6-14‚
725 4137 801 4203 inde
824 4157 845 4202 a
867 4135 974 4200 uerbis
1001 4134 1115 4219 capitis
1141 4135 1222 4199 sexti

112 4281 211 4321 meaa
232 4258 372 4323 eiaistro'
387 4255 483 4320 bootia
506 4257 658 4320 auteriori
675 4274 777 4337 usque
799 4255 842 4321 ad
864 4255 965 4321 uerba
987 4252 1099 4337 capitis
1118 4253 1221 4335 quarti
