2948 5010
601 407 833 475 -191-

159 591 311 666 surgente
335 583 483 648 occidunt
497 582 614 663 Pegasi
637 588 668 647 et
691 580 786 663 cygni
810 562 954 664 reliquae
970 578 1133 661 portiones
1147 581 1311 653 Andro-S

160 696 340 776 medaeque
364 698 458 774 caput
480 691 660 774 Cepheique
683 689 820 772 humeri,
845 696 931 753 cetus
954 695 986 753 et
1008 689 1110 754 flexus
1131 690 1270 758 fluminis

161 803 309 882 Eridani3
334 804 476 867 oriuntur
498 819 635 865 coronae
659 800 825 884 medietas,
849 800 913 863 nixi
938 799 1049 865 dexter
1068 818 1126 882 pes
1141 810 1173 866 et
1195 804 1269 869 boo-

161 921 210 979 tes
238 919 268 977 et
289 911 384 996 hydri
408 910 566 991 reliquum
588 914 716 992 praeter
739 911 882 974 ultimam
906 910 1042 974 caudam
1064 914 1271 995 centaurique

161 1042 227 1106 pes,
251 1022 306 1103 qui
321 1022 354 1084 in
370 1023 443 1102 equi
466 1020 604 1103 speciem
626 1020 790 1101 figuratur.
814 1020 982 1102 scorpione
999 1025 1104 1084 autem
1120 998 1296 1087 nascentes

160 1132 309 1199 occidunt
330 1128 555 1195 Andromedae
578 1149 652 1212 pars
675 1129 813 1211 reliqua,
835 1130 911 1193 item
935 1128 1054 1211 Cephei
1077 1152 1164 1215 pars,
1189 1152 1270 1213 quae

160 1249 251 1309 extra
273 1238 553 1324 septentrionalem
577 1239 725 1302 circulum
749 1239 862 1322 posita,
886 1246 918 1303 et
940 1239 1106 1323 Cassiepia
1128 1248 1160 1306 et
1183 1242 1271 1308 Orio-

160 1352 211 1415 nis
229 1364 317 1434 'pars
352 1349 464 1414 eodem
492 1355 636 1432 tempore
666 1349 808 1413 oriuntur
830 1349 988 1414 Ariadnes
1011 1370 1130 1416 corona
1152 1359 1219 1419 tota
1241 1361 1272 1419 et

161 1459 266 1544 capud
288 1459 423 1538 eniochi,
457 1459 524 1522 nixi
551 1479 665 1543 corpus
688 1479 782 1523 omne
804 1465 929 1542 praeter
952 1460 1111 1524 sinistram
1134 1483 1271 1542 manum,

161 1571 234 1656 ydri
258 1570 360 1636 cauda
388 1570 500 1634 ultima
522 1575 553 1632 et
575 1576 743 1633 centaurus
766 1574 849 1632 tutus
870 1578 997 1652 praeter
1018 1570 1140 1653 priores
1161 1573 1270 1654 pedes.
1287 1597 1310 1634 ιο

161 1680 326 1762 sagittario
354 1686 506 1744 nascente
535 1680 687 1763 mergitur
716 1679 813 1743 Orion
849 1686 879 1743 et
912 1680 1057 1744 canicula
1090 1686 1121 1744 et
1148 1682 1271 1746 eniochi

161 1791 276 1874 pedes
300 1791 443 1855 oriuntur
465 1812 542 1855 uero
564 1797 648 1855 totus
671 1789 848 1872 ophiuchos
871 1796 902 1853 et
923 1790 988 1853 nixi
1011 1790 1139 1854 sinistra
1158 1812 1272 1856 manus

163 1908 195 1964 et
217 1902 287 1984 lyra
308 1906 376 1964 tota
399 1901 583 1983 Cepheique
606 1900 712 1983 capud
735 1906 767 1964 et
789 1899 911 1964 humeri
933 1906 964 1964 et
986 1900 1129 1964 centauri
1151 1902 1272 1984 priores

162 2009 270 2093 pedes.
306 2010 493 2093 capricorno
522 2010 643 2074 oriente
671 2010 820 2076 occidunt
851 2009 1005 2075 eniochus
1032 2015 1117 2075 totus
1139 2013 1272 2094 eiusque

164 2139 262 2202 capra
284 2127 314 2185 et
336 2121 446 2198 haedi,
475 2119 585 2183 Persei
608 2139 685 2202 pars
712 2119 843 2185 sinistra
871 2128 903 2186 et
931 2121 1068 2204 Argonis
1096 2122 1212 2206 puppis
1240 2128 1272 2188 et
1286 2149 1309 2186 15

162 2250 320 2316 procyon;
354 2232 497 2296 oriuntur
519 2250 595 2293 uero
620 2251 743 2314 cygnus
767 2237 798 2295 et
820 2231 929 2313 aquila
952 2237 982 2295 et
1005 2233 1120 2315 sagitta
1142 2238 1173 2296 et
1194 2232 1271 2297 alta-

162 2343 254 2427 rium,
274 2341 308 2406 id
322 2348 371 2407 est
385 2339 567 2405 turibulum,
591 2341 725 2421 aquario
742 2342 861 2405 oriente
877 2341 1026 2406 occidunt
1041 2341 1181 2405 centauri
1197 2361 1271 2424 pars

116 2471 119 2475 ·
162 2452 289 2537 equina,
312 2452 383 2535 ydri
406 2449 520 2533 capud,
544 2451 642 2513 oritur
666 2456 697 2514 et
719 2470 821 2532 equus
843 2453 997 2531 Pegasus.
1032 2452 1172 2534 piscibus
1194 2451 1272 2515 ortis

163 2562 310 2626 occidunt
331 2561 430 2647 ydrus
445 2565 529 2623 totus
545 2564 577 2623 et
599 2561 740 2623 centauri
763 2582 838 2645 pars
861 2562 985 2642 reliqua
1000 2570 1030 2626 et
1045 2569 1156 2640 crater,
1178 2579 1272 2644 prae

163 2677 252 2737 terea
274 2673 416 2737 oriuntur
432 2668 654 2735 Andromedae
677 2691 751 2752 pars
775 2672 906 2736 dextera
929 2680 960 2737 et
981 2673 1077 2755 piscis
1100 2672 1269 2736 austrinus.
1284 2701 1309 2738 -ιο

165 2782 273 2847 arietis
297 2783 388 2864 siguo
412 2786 560 2864 surgente
589 2779 737 2844 occidunt
758 2784 858 2865 pedes
882 2783 1033 2847 Centauri
1056 2787 1088 2846 et
1112 2781 1272 2857 altarium,

164 2893 307 2956 oriuntur
328 2911 405 2956 uero
421 2891 649 2955 Andromedae
672 2890 798 2956 sinistra
820 2913 895 2975 pars
917 2898 949 2957 et
964 2892 1073 2956 Persei
1096 2890 1201 2973 capud
1221 2910 1272 2954 us-

164 3021 227 3083 que
249 3002 292 3066 ad
314 3002 423 3066 aluum
447 3008 477 3065 et
499 3000 653 3085 deltoton.
678 3002 758 3065 tauri
774 3002 865 3085 signo
881 3003 1001 3068 oriente
1024 3000 1173 3066 occidunt
1195 3002 1272 3065 boo-

106 3130 114 3141 *
162 3110 202 3176 tis
225 3111 338 3196 pedes,
367 3111 542 3194 ophiuehus
569 3132 590 3175 a
618 3113 753 3194 pedibus
782 3133 884 3195 usque
910 3112 953 3176 ad
982 3132 1103 3193 genua,
1131 3112 1272 3175 oriuntur

163 3229 268 3285 autem
291 3223 350 3285 ceti
366 3243 440 3305 psus
455 3222 579 3303 reliqua
596 3228 628 3286 et
643 3221 769 3286 sinister·
785 3223 912 3286 Orionis
928 3243 994 3305 pes.
1018 3223 1153 3304 geminis
1171 3221 1271 3285 orien-
1284 3257 1309 3294 25

198 3465 213 3517 i
234 3462 428 3532 andromedeq3
444 3464 583 3531 eapudtS
609 3460 623 3533 Η
648 3465 665 3517 3
683 3463 783 3515 boetes
801 3465 822 3513 S
843 3461 856 3532 Η
876 3464 893 3516 5
912 3463 1059 3533 scorpione
1071 3491 1102 3498 —
1114 3476 1178 3530 pars
1198 3475 1269 3527 quae
1288 3468 1308 3516 S
1383 3480 1387 3487 ·

164 3556 190 3603 r'u
210 3557 330 3618 rriurpr'ue
351 3556 454 3603 uiiriiriir
476 3553 509 3599 8²
533 3550 546 3619 Η
575 3553 592 3605 8
611 3566 686 3619 pars.
706 3550 854 3620 scorpione
874 3555 966 3605 autem
984 3551 1119 3603 nascente
1139 3545 1272 3599 occidunt

164 3639 333 3692 andromede
353 3654 418 3709 pars
437 3638 545 3706 reliqua
563 3638 635 3689 Item
655 3638 756 3708 cephei
769 3655 835 3708 pars
855 3656 925 3708 quae
939 3641 970 3690 8¹
991 3637 1004 3706 Η
1023 3634 1173 3702 'scorpione
1185 3650 1270 3687 —re-

163 3726 240 3796 liqua
259 3731 356 3779 deleuit
372 3724 405 3777 sa
425 3722 438 3794 Η
460 3724 622 3778 adrianesS
643 3723 656 3795 Η
677 3727 711 3780 13
729 3730 790 3779 tota
803 3746 852 3778 urrr.
867 3730 1023 3777 Martianus
1044 3722 1057 3794 Η
1078 3722 1112 3783 14
1124 3720 1271 3791 Capricor·
1354 3782 1361 3793 Ι

163 3815 211 3867 nio
230 3818 251 3866 S
272 3813 285 3885 Η
307 3813 441 3867 eniochus
460 3817 480 3864 S
501 3812 513 3882 Η
535 3813 569 3865 16
587 3811 723 3881 prochion
741 3818 761 3865 S
783 3811 795 3884 Η
817 3814 844 3866 in
864 3813 954 3864 uicem
974 3809 1097 3863 oriuntur
1116 3812 1272 3862 Martianus

165 3901 178 3972 Η
200 3903 233 3956 17
251 3901 325 3954 idem
344 3905 364 3952 S
385 3901 397 3970 Η
418 3900 445 3952 id
466 3904 510 3953 est
528 3904 624 3967 scripsi
648 3899 661 3968 Η
685 3901 713 3952 id
733 3905 778 3955 esi
796 3901 944 3954 turibulum
964 3918 1013 3950 aar.
1035 3901 1200 3962 Maritimus,
1218 3916 1271 3948 aron

111 3999 115 4010 “
163 3993 250 4040 ricleui
270 4008 326 4040 rum
344 3990 540 4040 sedulinstneue
559 4007 593 4039 ua
613 3989 720 4040 iidrurii
739 3993 774 4039 sit
796 3992 921 4040 erudirem
942 4007 992 4039 riou
1013 3991 1114 4055 liqueat
1135 3985 1148 4056 Η
1169 3987 1203 4040 18
1215 3984 1269 4037 ori-

162 4079 207 4128 tur
224 4075 285 4145 ydri
305 4075 395 4146 capud
416 4079 444 4128 et
461 4079 482 4127 S
502 4080 608 4126 corraei
628 4094 663 4128 er
682 4079 821 4129 Mmriuuu
852 4075 867 4146 Η
897 4076 931 4129 22
951 4073 1109 4142 synistras
1139 4075 1152 4143 Η
1181 4073 1216 4127 24
1233 4071 1269 4126 ad

163 4178 254 4231 genua
273 4179 361 4233 usque
381 4167 538 4215 Martianus
557 4163 570 4233 Η
