2948 5010
708 433 943 499 ..144...

233 601 443 675 Serereitum
469 601 503 665 in
529 599 668 665 Africam
697 600 825 665 dneeret
853 606 884 667 et
908 620 1012 682 aquae
1039 599 1181 684 inopiam
1208 605 1383 684 pateretur,

271 712 375 776 subito
404 711 487 776 aries
514 730 554 775 ex
576 728 674 775 arena
697 709 815 774 exisset
836 715 868 774 et
890 709 1042 775 Liberum
1064 729 1135 775 oum
1156 729 1215 775 suo
1238 709 1384 775 exercitu

270 821 313 884 ad
335 838 450 901 aquam
473 817 676 901 perduxisset
698 817 859 883 diuinitus.
894 818 955 884 hoo
977 817 1062 884 facto
1086 818 1182 883 Liber
1204 825 1277 883 eum
1299 817 1385 882 arie‘·
1441 893 1445 899 ¹

269 933 334 992 tem
363 928 473 992 Iouem
493 928 683 991 Ammonem
711 925 886 1009 appellauit
913 927 1008 1008 eique
1035 925 1146 991 fanum
1175 926 1384 1010 magnifieum

191 1115 193 1119 ι
240 1034 347 1115 rfeeit
368 1035 401 1099 in
424 1056 462 1100 eo
484 1037 566 1115 loeo,
591 1056 654 1117 quo
678 1040 803 1119 reperta
826 1040 875 1099 est
897 1055 990 1116 aqua,
1015 1042 1046 1099 et
1067 1036 1159 1100 abest
1180 1036 1221 1100 ab
1244 1034 1384 1101 Alexan·

272 1144 342 1210 dria
363 1145 423 1210 iter
445 1145 567 1209 dierum
589 1167 632 1207 rx.
655 1144 745 1208 loeus
761 1159 914 1209 arenosus
936 1151 967 1208 et
989 1144 1181 1227 serpentium
1195 1144 1313 1228 plenus
1336 1149 1386 1210 est

272 1253 471 1318 multitudine
496 1253 550 1341 [et]
575 1254 628 1337 qui
651 1254 691 1318 ab
707 1253 828 1316 harena
841 1253 978 1317 Ammon
1001 1259 1051 1318 est
1072 1252 1262 1317 nominatus.
1284 1251 1386 1334 igitur

272 1368 442 1446 propterea
468 1363 551 1427 aries
579 1363 643 1425 dux
671 1380 774 1444 aquae
799 1362 976 1428 inmortalis
1005 1367 1144 1426 mutatus
1172 1367 1220 1427 est
1247 1366 1279 1425 et
1301 1358 1385 1425 caeli

273 1461 381 1535 sidera
407 1477 596 1537 eonseeutus
624 1476 681 1534 est.
716 1472 871 1536 eonuertit
901 1476 1006 1536 autem
1035 1470 1139 1555 eapud
1172 1471 1214 1536 ad
1245 1476 1384 1547 taurum,

235 1602 262 1643 ιο
274 1579 343 1663 ipse
365 1586 471 1647 autem
495 1581 596 1662 signis
619 1578 816 1661 adsignatur.
843 1581 940 1645 habet
962 1586 1067 1646 autem
1091 1580 1201 1646 stellas
1221 1578 1256 1643 in
1279 1579 1385 1663 eapite

273 1711 294 1773 1,
317 1689 351 1753 in
371 1691 502 1756 naribus
524 1712 569 1766 111,
592 1688 625 1753 in
648 1689 730 1754 eollo
753 1712 786 1767 11,
809 1689 843 1753 in
866 1689 1048 1755 summitate
1072 1688 1112 1753 de
1134 1688 1271 1772 singulis
1293 1686 1384 1772 pedi·

273 1799 332 1863 bus
354 1798 566 1864 anterioribus
589 1797 742 1882 singulas,
765 1799 799 1864 in
822 1799 917 1866 dorso
942 1805 1098 1882 quattuor,
1120 1799 1154 1863 in
1177 1798 1283 1865 oauda
1303 1821 1327 1877 1,
1350 1798 1385 1863 in

274 1916 387 1974 uentre
409 1933 459 1988 111,
486 1909 520 1973 in
550 1907 728 1973 summitate
758 1909 799 1975 de
826 1910 960 1994 singulis
987 1909 1124 1994 pedibus
1148 1907 1386 1994 posterioribus
1429 1914 1435 1919 ’

275 2018 429 2101 singulas.
454 2023 526 2081 sunt
548 2038 658 2082 omnes
680 2041 769 2082 xvrrr.

238 2150 263 2188 ιε
360 2128 417 2191 Est
439 2127 534 2192 etiam
556 2127 716 2214 propiore]

361 2238 463 2319 Super
490 2237 593 2321 capud
616 2237 732 2319 quippe
756 2237 865 2302 arietis
875 2257 952 2309 ‘non
974 2237 1070 2323 louge
1093 2239 1133 2303 ab
1157 2234 1386 2303 Andromedae

276 2347 411 2430 pedibus
433 2344 559 2411 adiacet
581 2345 716 2440 signum³
741 2347 826 2428 quod
849 2346 965 2412 Graeci
988 2348 1028 2414 ob
1055 2344 1294 2413 similitudinem
1317 2345 1387 2410 del-

240 2514 375 2580 Ghabet
397 2515 555 2597 siquidem
579 2514 690 2580 stellas
711 2538 780 2578 xvir
802 2517 837 2580 id
859 2518 963 2583 estin
985 2519 1089 2600 eapite
1111 2538 1221 2594 unam,
1245 2515 1280 2580 in
1300 2514 1388 2579 nari-

278 2624 338 2688 bus
360 2630 434 2701 tres,
457 2624 491 2687 in
506 2624 589 2688 eollo
606 2625 698 2710 duas,
721 2627 755 2689 in
771 2627 952 2691 summitate
968 2626 1138 2693 anterioris
1160 2624 1254 2710 pedis
1277 2645 1387 2708 unam,

240 2754 266 2795 20
277 2733 311 2796 in
334 2733 425 2816 spino
449 2739 595 2817 quatuor,
618 2734 652 2799 in
675 2736 779 2801 eauda
801 2757 907 2815 unam,
930 2738 963 2801 in
987 2743 1099 2802 uentre
1121 2740 1195 2812 tres,
1221 2733 1255 2799 in
1277 2735 1388 2800 lumbo

277 2862 384 2920 unam,
406 2841 440 2906 in
463 2862 586 2908 summo
609 2844 694 2926 pede
716 2867 821 2910 unam.

363 2951 466 3036 Super
494 2958 589 3034 caput
617 2954 734 3038 quippe
763 2954 874 3019 arietis
902 2974 968 3018 non
989 2955 1088 3035 longe
1115 2955 1156 3019 ab
1178 2951 1390 3019 Andromeda

278 3058 403 3124 adiacet
426 3061 558 3144 signum)
583 3063 668 3142 quod
684 3064 800 3129 Grae'oi
816 3065 856 3128 ob
873 3062 1113 3128 similitudinem
1129 3062 1238 3129 deltae
1261 3061 1389 3126 litterae

241 3231 262 3280 s
315 3230 440 3284 textuit
462 3235 484 3282 V
502 3229 514 3301 Η
534 3233 551 3285 3
570 3231 700 3301 perduxit
718 3238 766 3286 SV
786 3233 798 3303 Η
819 3233 1001 3304 perduxisset
1018 3218 1114 3300 scripsi
1135 3233 1147 3300 Η
1172 3231 1263 3298 4111)
1284 3248 1390 3286 ammo-

278 3333 341 3370 nem
360 3322 380 3369 S
401 3317 412 3387 Η
433 3316 552 3386 phanum
571 3323 619 3370 SV
643 3318 657 3390 Η
681 3321 697 3374 5
717 3336 751 3373 eo
770 3321 799 3373 in
818 3320 880 3375 loeo
903 3325 926 3373 V
945 3319 959 3391 Η
985 3320 1184 3373 elexandrias
1211 3317 1226 3390 Η
1251 3319 1389 3374 attinere

192 3416 197 3423 ‘
284 3402 338 3475 ΡΗ
364 3404 533 3474 serpentium
552 3406 727 3460 multitudine
747 3407 845 3477 plenus
870 3413 892 3460 V
917 3406 929 3478 Η
955 3409 971 3461 7
991 3411 1020 3460 et
1037 3411 1086 3459 SV
1104 3411 1190 3458 deleat
1215 3405 1229 3477 Η
1256 3406 1325 3476 qnia
1343 3410 1392 3458 SV

169 3504 172 3510 ’
280 3493 358 3546 obeb
378 3490 391 3562 Η
413 3490 460 3561 qui
478 3495 574 3556 scripsi
595 3492 608 3561 Η
629 3477 765 3546 harenas
786 3493 798 3563 Η
819 3510 904 3547 arena
921 3498 942 3547 V
961 3493 974 3562 Η
994 3493 1080 3562 igitur
1099 3513 1148 3546 om.
1166 3499 1189 3546 V
1208 3492 1221 3561 Η
1242 3494 1260 3547 8
1278 3493 1389 3547 immor·

279 3578 345 3632 talis
370 3583 391 3630 V
410 3575 423 3648 Η
446 3581 490 3630 est
509 3586 534 3628 et
548 3579 589 3629 bic
602 3590 629 3630 et
643 3591 737 3646 postea
752 3599 801 3632 om.
820 3585 842 3632 V
860 3580 873 3650 Η
894 3583 910 3636 9
930 3584 1014 3650 caput
1037 3580 1090 3650 VM
1111 3583 1145 3636 10
1163 3580 1327 3649 assequitur
1343 3583 1392 3632 87

282 3662 294 3734 Η
316 3668 407 3716 autem
427 3683 475 3715 om.
501 3663 555 3734 Vt!
574 3667 607 3719 11
627 3666 655 3718 in
674 3666 785 3718 auribus
809 3671 831 3717 V
857 3666 869 3735 Η
895 3665 1015 3736 pedibus
1035 3667 1152 3735 singulis
1175 3667 1230 3735 ΡΗ
1251 3667 1286 3722 13
1305 3665 1390 3720 sumi·

280 3753 373 3802 tates
394 3750 406 3819 Η
428 3749 462 3801 de
483 3769 530 3801 om.
550 3757 570 3802 V
591 3749 603 3821 Η
625 3751 794 3820 singulorum
813 3751 914 3821 pedum
933 3753 1118 3823 posteriorum
1136 3759 1158 3805 V
1176 3751 1189 3823 Η
1210 3754 1246 3807 14
1264 3752 1391 3821 singulas

281 3840 363 3887 nnus
384 3835 397 3905 Η
418 3837 451 3890 15
467 3840 554 3888 Gerar.
568 3840 743 3889 ann-8398
764 3837 776 3906 Η
798 3840 831 3892 16
844 3843 930 3908 caput
947 3844 968 3891 V
986 3838 998 3909 Η
1020 3839 1123 3909 quippe
1141 3858 1191 3891 om.
1210 3844 1231 3891 V
1252 3839 1264 3909 Η
1287 3839 1390 3908 longus

280 3927 301 3975 S
321 3920 334 3993 Η
348 3921 524 3975 'andromede
543 3928 592 3976 SV
609 3924 622 3993 Η
643 3925 676 3978 17
696 3923 771 3977 delto
791 3923 883 3979 littere
903 3930 952 3977 SV
971 3924 984 3995 Η

245 4045 267 4091 6
315 4037 349 4090 18
370 4033 481 4103 quidem
502 4033 591 4086 GVGM
611 4033 624 4106 Η
645 4038 678 4090 19
696 4044 756 4101 post
778 4035 850 4089 eollo
869 4054 993 4088 rosarum
1011 4038 1124 4105 praebet
1146 4040 1169 4091 G
1195 4037 1208 4109 Η
1235 4037 1269 4091 21
1288 4035 1392 4107 pedem

282 4142 306 4194 G
327 4137 339 4209 Η
364 4138 480 4191 ARIES
498 4140 582 4194 subse.
604 4141 627 4191 0
653 4137 666 4207 Η
691 4143 831 4206 inopinam
851 4141 976 4192 eoebt'berrt
998 4137 1102 4192 &6⁶6⁶
1128 4139 1141 4209 ΙΙ
1167 4141 1202 4194 22
1220 4117 1392 4207 andromeda

282 4223 318 4276 6⁶
338 4221 352 4294 Η
371 4226 405 4281 23
424 4223 523 4277 deldae
547 4226 570 4277 G
591 4223 603 4293 Η
624 4221 699 4276 delte
714 4217 795 4277 6⁶0⁶
813 4223 827 4294 Η
847 4224 940 4279 littere
960 4225 1057 4280 delton
1072 4224 1150 4280 (3⁶6⁶
1171 4225 1185 4297 Η
