2948 5010
536 394 822 461 -89-’

89 567 250 634 celaturos
265 584 420 648 seneque
440 566 554 633 festum
569 564 653 631 diem
675 563 893 650 inmutatum,
909 566 968 633 sed
982 587 1102 630 ccccxv
1116 585 1189 650 per-

88 684 224 755 acturos,
247 676 327 742 sieut
348 675 523 741 institutum
540 675 580 742 sit
597 676 637 741 ab
660 675 809 758 antiquis.
831 677 948 743 deinde
969 677 1102 742 alterum
1124 675 1188 741 illis

86 786 308 853 iusiurandum
329 785 508 870 imponitur,
532 783 697 851 sementim
718 805 776 869 per
790 793 905 852 terram
921 806 1099 870 aquamque
1120 806 1188 852 cus-

85 895 275 964 todiendam
290 894 601 979 conparandamque.
626 900 692 959 tum
707 895 834 962 demum
850 896 1030 961 diademate
1050 895 1187 980 inposito

86 1005 252 1092 potiuntur
273 1004 501 1090 Acgyptiorum
522 1025 632 1088 regno.
662 1005 720 1072 sed
741 1012 775 1071 ut
796 1006 852 1071 illo
875 1011 1080 1095 reuertamur,
1102 1005 1187 1071 unde
1213 1034 1225 1070 s

89 1115 226 1198 digressi
248 1134 365 1198 sumus,
388 1113 484 1197 igitur
505 1115 550 1181 dii
570 1116 763 1182 immortales
778 1122 986 1200 posteaquam
1001 1115 1188 1201 Typhonem

90 1226 188 1310 digne
209 1245 313 1309 poena
334 1223 533 1309 adfecerunt,
561 1246 753 1309 quamquam
781 1226 913 1292 consilio
936 1225 1005 1290 sine
1026 1226 1120 1291 turba
1141 1229 1189 1290 tu-

88 1335 255 1417 multuque
277 1332 514 1420 interfecerunt,
537 1335 627 1400 Pana
649 1342 761 1401 sancte
783 1342 938 1402 astrorum
961 1337 1114 1402 memoria
1135 1337 1189 1402 de·

86 1451 279 1511 corauerunt
306 1450 337 1509 et
364 1443 394 1508 ei
419 1464 534 1511 nomen
561 1436 728 1531 Aegipana
754 1446 975 1531 inposuerunt,
1004 1447 1187 1528 quodcum

86 1555 184 1621 ceteri
208 1573 243 1619 se
265 1555 297 1618 in
320 1553 439 1619 bestias
462 1556 703 1640 comedissent,
730 1560 799 1622 Pan
827 1576 861 1622 se
883 1557 917 1621 in
939 1576 1066 1641 capram
1087 1562 1188 1622 trans·
1201 1583 1227 1622 ιο

86 1665 258 1746 figurasset
273 1663 486 1746 oppidumque
507 1667 709 1758 magnificum
728 1667 763 1731 in
777 1668 925 1752 Aegypto
940 1667 1189 1736 aediticauerunt

85 1775 186 1856 idque
207 1772 385 1857 Panopolin
405 1775 657 1842 nominauerunt.
688 1776 936 1861 capricornus
952 1776 1058 1843 ‘habet
1079 1776 1188 1841 stellas

84 1886 121 1950 in
150 1883 285 1966 singulis
314 1884 462 1949 cornibus
484 1885 640 1969 singulas,
667 1885 701 1949 in
727 1905 808 1951 naso
831 1910 842 1949 1
869 1887 1002 1970 claram,
1032 1886 1065 1950 in
1087 1886 1189 1969 capite

85 2019 126 2071 11,
149 1994 208 2060 sub
231 1992 314 2058 collo
336 2016 362 2070 1,
390 1993 424 2059 in
446 2000 574 2077 pectore
596 2017 634 2078 11,
661 1993 694 2058 in
720 1994 803 2078 pede
825 1995 978 2079 prisnei,
1008 1999 1043 2061 im
1065 2015 1187 2060 summo

85 2103 171 2189 pede
192 2126 218 2179 1,
241 2101 274 2166 in
296 2101 392 2168 dorso
415 2126 473 2184 vu,
495 2103 530 2167 in
551 2109 663 2169 uentre
685 2127 719 2188 v,
747 2104 781 2168 in
803 2105 905 2170 cauda
925 2128 949 2168 11
971 2105 1083 2170 claras.
1115 2110 1188 2169 sunt
1201 2134 1225 2171 m

83 2215 121 2279 in
142 2232 266 2280 summe
287 2235 389 2278 xxnn.
611 2215 613 2224 ’
666 2215 668 2219 ’

171 2324 212 2416 Et
233 2342 304 2387 cum
326 2323 474 2410 terrores]

169 2432 229 2498 Hic
251 2433 506 2515 sagittarius.
523 2453 616 2516 quem
641 2454 736 2517 quam
757 2434 865 2519 plures
888 2437 1109 2500 centaurum
1130 2456 1187 2519 pu-

83 2551 161 2623 tant,
191 2543 247 2609 alii
268 2548 403 2626 negant,
434 2543 520 2625 quod
547 2542 729 2628 quadrupes
752 2564 823 2610 esse
850 2564 916 2609 non
937 2542 1096 2627 uideatur,
1130 2544 1187 2610 sed

83 2836 131 2877 ros
151 2837 182 2876 se
201 2837 291 2891 neque
310 2823 464 2874 Mommsen.
490 2816 505 2890 ΙΙ
529 2821 545 2875 1
564 2819 782 2874 inmutaturosed
801 2824 823 2873 Α
851 2819 864 2892 Η
892 2819 1086 2876 rimabar
1109 2817 1122 2889 Η
1149 2819 1188 2873 sit

85 2912 242 2961 Mommsen.
264 2906 276 2976 Η
297 2907 378 2962 aliter
395 2912 442 2959 ΑΡ
461 2905 474 2978 Η
494 2908 609 2962 alterum
628 2908 737 2961 Bactri.
760 2905 774 2980 Η
793 2907 868 2962 aliud
888 2910 996 2961 Merkel.
1018 2906 1032 2979 Η
1051 2906 1125 2962 illius
1143 2910 1189 2958 ΔΡ

88 2995 103 3068 Η
122 2996 180 3051 illis
199 2997 311 3051 Merkel.
331 2993 345 3065 Η
365 2997 382 3052 3
400 2996 519 3067 imponis
538 3000 560 3048 A
582 2994 595 3066 Η
615 2996 726 3066 inponis
744 3001 768 3048 P
786 2994 800 3069 Η
819 2995 969 3068 imponitur
986 2998 1083 3063 scripsi
1103 2992 1116 3064 Η
1137 2995 1187 3048 im-

84 3087 193 3157 ponunt
211 3085 321 3136 Mertai.
343 3084 356 3153 Η
378 3084 472 3138 stetim
484 3087 532 3136 ΑΡ
550 3080 562 3151 Η
583 3084 728 3137 sementim
747 3088 900 3138 Mommsen.
922 3081 935 3154 Η
956 3086 1058 3137 statum
1077 3084 1188 3135 Merkel.

85 3170 101 3243 Η
124 3173 144 3227 4
162 3169 368 3242 conparandam
387 3170 433 3239 qni
454 3174 473 3221 A
499 3170 512 3241 Η
537 3172 824 3243 conparandaani
844 3178 865 3224 Ρ
889 3169 903 3241 Η
928 3169 1189 3241 conparandamque

82 3263 239 3312 Mommsen.
259 3257 273 3328 Η
294 3245 424 3326 ἀθῇωηω
443 3263 465 3309 Ρ
484 3255 503 3327 Η
523 3260 539 3313 6
557 3259 718 3314 inmortales
737 3265 760 3312 P
778 3258 791 3330 Η
813 3262 828 3315 7
847 3259 899 3314 sed
917 3257 981 3311 ideo
1000 3273 1093 3328 poena
1108 3260 1155 3308 ΔΡ
1172 3255 1186 3328 Η

84 3347 170 3418 digna
187 3363 278 3418 poena
303 3348 435 3411 W'o'lffiim.
456 3348 487 3398 de
502 3349 534 3399 Β.
548 3351 663 3414 Ampelii
684 3349 728 3399 itt.
742 3366 816 3399 mem.
835 3367 861 3413 p.
874 3352 909 3399 11
929 3345 942 3417 Η
963 3344 1115 3399 affecerunt
1134 3349 1155 3396 P
1172 3342 1185 3412 Η

83 3440 165 3505 quisq.
185 3439 232 3486 ΑΡ
256 3432 268 3503 Η
294 3449 458 3505 quamquam
477 3438 572 3501 scripsi
599 3433 612 3508 Η
637 3450 700 3487 nam
717 3433 805 3487 Panis
825 3432 943 3488 consilio
962 3451 975 3485 ε
994 3429 1008 3503 Η
1035 3447 1186 3501 quamq.-

81 3522 283 3578 interfecerunt
301 3527 384 3577 deleri
402 3526 485 3575 riolci!
500 3523 645 3576 Biicdeiers
661 3519 674 3592 Η
692 3523 710 3576 8
727 3520 808 3574 Pana
825 3527 853 3574 im
872 3525 991 3588 ascerpiae
1005 3522 1061 3571 eod.
1075 3520 1097 3568 A
1111 3520 1186 3584 iissre

81 3615 198 3679 positum
211 3613 251 3663 die
265 3615 400 3664 conlocaui
419 3607 432 3679 Η
452 3610 532 3663 Pena
544 3627 593 3676 pro
607 3611 706 3662 sanctu
718 3613 829 3662 coniecit
842 3609 982 3661 Biicdeicr.
998 3604 1012 3676 Η
1032 3607 1049 3659 9
1062 3602 1186 3674 aegyptii

81 3715 157 3771 pana
174 3697 259 3770 (pena
276 3702 304 3749 im
322 3700 442 3763 marpesso
455 3700 476 3748 Α
490 3699 643 3764 repetitum)
658 3699 704 3747 ΑΡ
722 3693 735 3766 Η
755 3696 904 3767 Aegipana
922 3693 1032 3747 Merkel.
1054 3690 1066 3761 Η
1087 3693 1122 3747 10
1140 3706 1185 3746 ce·

80 3787 151 3841 teris
171 3786 196 3840 si
213 3790 237 3837 Ρ
255 3782 268 3855 Η
288 3799 377 3856 pansa
397 3787 417 3835 Α
438 3784 451 3855 Η
474 3786 507 3840 12
525 3783 592 3853 ibiq.
611 3786 633 3833 P
656 3779 668 3852 Η
695 3782 866 3853 capricornis
886 3786 908 3835 Δ
936 3780 949 3853 Η
976 3779 1010 3836 13
1029 3783 1115 3850 caput
1134 3784 1154 3831 Ρ
1172 3777 1186 3848 Η

81 3873 118 3930 14
135 3873 164 3927 in
183 3875 276 3924 addidi
297 3871 311 3942 Η
331 3875 442 3924 laeuone
461 3876 536 3939 cipue
555 3869 711 3941 posteriore
728 3874 771 3922 ael
784 3873 840 3923 tale
854 3873 956 3938 reliquid
968 3879 1029 3938 post
1046 3864 1120 3936 pede
1139 3883 1187 3918 eor-

80 3965 178 4014 cidisse
196 3961 359 4028 sipoificcoit
378 3977 390 4012 s
409 3963 444 4027 cf.
458 3967 552 4011 contro
571 3961 778 4011 Strozzimmm:
805 3958 834 4011 in
853 3958 1009 4012 summitate
1029 3956 1118 4028 ipsius
1137 3970 1185 4026 pe-

81 4047 127 4102 dis
145 4065 156 4099 1
176 4046 190 4118 Η
212 4048 245 4102 17
263 4051 427 4115 praecedunt
440 4051 527 4099 Gerus.
540 4064 565 4099 u.
576 4051 717 4097 iet-314
736 4044 749 4115 Η
771 4047 804 4102 18
820 4049 878 4099 Oct.
893 4050 946 4098 XX
951 4049 1017 4098 V111
1028 4049 1097 4110 Hyp.
1110 4046 1139 4094 P.
1153 4043 1184 4096 Δ.

80 4133 296 4206 11271112011
321 4135 425 4204 sagitta
443 4138 489 4187 ΔΡ
515 4132 528 4203 Η
554 4131 715 4201 sagittarius
739 4135 799 4189 Vct.
812 4137 923 4188 Strozz.
949 4129 963 4203 Η
990 4133 1024 4187 19
1042 4128 1184 4202 quadrupe

80 4227 106 4277 Δ
127 4221 141 4295 Η
160 4221 310 4292 uideaptur
328 4228 351 4276 Ρ
368 4221 382 4295 Η
