2948 5010
694 431 896 472 ..VI-

244 578 449 663 hexagonum
470 578 547 643 hina
568 577 730 644 continent
751 577 852 661 signa,
874 577 987 641 harum
1011 584 1118 645 autem
1140 597 1354 661 unaquaeque

243 697 381 781 partium
403 701 522 777 aequat
542 695 666 759 radium
689 693 812 786 circuli,
835 695 869 757 id
892 701 940 759 est
961 694 1119 779 signiferi,
1148 696 1351 776 hexagonum

245 812 538 895 circumcludentis,
564 811 654 877 cuius
677 816 818 876 centrum
841 818 890 878 est
911 813 1017 878 tellus.
1051 811 1132 877 haec
1155 818 1204 878 est
1225 812 1352 878 illorum

245 952 395 996 uersuum
418 929 592 1013 sententia,
624 949 758 1011 quorum
781 948 900 1014 sermo,
929 934 964 994 ut
986 930 1030 993 ait
1052 930 1190 994 Orellius
1213 929 1354 995 Phaedri

245 1047 311 1114 fab.
328 1068 359 1130 p.
375 1052 444 1126 186,
468 1046 566 1111 habet
589 1045 729 1111 colorem
751 1045 988 1112 scholasticum.
1021 1046 1196 1112 eorundem
1218 1047 1355 1130 primum

246 1186 286 1231 ex
300 1184 396 1231 uersu
410 1169 473 1232 473
490 1162 671 1228 Germanici
692 1161 830 1229 effictum
846 1183 919 1230 esse
940 1164 1023 1231 idem
1040 1165 1190 1249 probauit
1205 1162 1354 1240 Orelhus‚

245 1283 375 1348 ultimus
397 1301 488 1370 uero,
519 1300 581 1364 quo
604 1280 756 1345 docemur
778 1281 870 1346 caelo
893 1287 985 1347 tenus
1012 1303 1071 1347 nos
1095 1301 1223 1347 cornere
1246 1299 1353 1365 posse,

247 1405 296 1466 est
316 1400 413 1485 plane
434 1400 572 1482 ineptus.
606 1400 689 1479 'quos
704 1416 816 1462 uersus
832 1418 904 1463 cum
918 1404 999 1465 teste
1014 1402 1141 1465 Hertzio
1158 1397 1271 1464 cadom
1293 1417 1357 1461 ma-

248 1537 318 1600 nus,
342 1537 426 1598 quae
446 1522 553 1582 cetera
568 1497 732 1594 'excreuit
745 1515 967 1598 antiquissimo
990 1516 1093 1582 codici
1108 1515 1287 1581 Basileensi
1303 1514 1358 1579 ad-

248 1633 371 1699 didisse
393 1633 553 1718 uideatur,
581 1633 644 1697 iam
675 1637 750 1698 ante
772 1638 910 1699 aetatem
932 1635 1129 1701 Basileensis
1155 1635 1189 1698 id
1213 1635 1358 1698 estante

248 1772 368 1817 nonum
383 1752 549 1817 saeculum
563 1750 656 1816 huius
672 1750 846 1835 archetypo
862 1751 998 1817 insertos
1014 1772 1085 1839 esse
1108 1726 1235 1816 censeo.
1265 1767 1357 1831 aper-

247 1869 311 1933 tius
334 1874 440 1933 autem
462 1873 652 1935 uetustatem
667 1867 728 1931 fert
742 1868 845 1932 altera
859 1869 1073 1953 interpolatio,
1096 1888 1193 1950 quam
1209 1866 1360 1933 exhibent

248 2005 362 2051 uersus
384 1991 448 2054 565
476 1990 538 2053 566
565 1989 643 2061 567,
677 2005 753 2049 555
780 1986 813 2049 in
841 1986 988 2052 omnibus
1016 1985 1181 2052 codicibus
1208 2005 1229 2049 a
1257 1983 1358 2066 prima

245 2122 347 2167 manu
369 2101 478 2185 scripti
501 2107 617 2167 extant.
652 2121 723 2168 cum
742 2101 968 2186 praecedentis
989 2123 1102 2169 uersus
1116 2108 1206 2187 parte
1226 2101 1272 2166 ita
1286 2106 1360 2165 sunt

249 2219 336 2304 apud
358 2219 512 2286 Orellium

451 2352 523 2403 tnnc
545 2341 658 2403 iternrn
677 2337 861 2422 praedictus
883 2340 1026 2402 noscitur
1048 2337 1124 2402 ordo

221 2484 224 2489 ·
292 2457 355 2522 565
378 2455 518 2540 loniperi
537 2467 566 2518 et
587 2456 681 2535 tenre',
702 2456 907 2540 persicorum,
925 2468 1038 2540 postea
1059 2456 1186 2537 cancri;

292 2576 355 2639 566
378 2584 451 2635 tnnc
472 2571 526 2652 leo,
550 2584 623 2636 tnnc
643 2573 745 2655 scirpo,
768 2584 841 2635 tnnc
862 2573 1003 2657 scorpios
1026 2572 1263 2656 arcitenensque

292 2694 354 2758 567
378 2700 406 2753 et
425 2686 552 2774 pelides
574 2688 780 2772 capricornus
803 2701 831 2752 et
853 2688 1015 2774 imbriferi
1034 2687 1096 2752 dno
1115 2690 1229 2774 pisces.

251 2812 283 2872 et
303 2805 376 2888 ipsa
399 2802 501 2869 oratio
523 2803 713 2869 inconcinna
729 2809 778 2869 cst
792 2823 897 2887 neque
918 2824 1041 2882 uersus,
1064 2824 1146 2887 quos
1168 2805 1247 2869 nihii
1270 2805 1359 2871 aliud

251 2942 324 2991 esse
338 2923 400 2997 nisi
414 2921 694 3006 amplificationem
716 2940 831 2987 uersus
846 2927 910 2991 564
931 2930 1073 3007 apparet,
1095 2924 1302 3008 respondent,
1325 2930 1360 2988 ut

249 3041 377 3128 putauit
391 3039 540 3117 Orelhus‚
562 3038 652 3103 Arati
673 3039 820 3104 uersibus
834 3044 1014 3122 545-548,
1038 3058 1109 3104 cum
1130 3042 1182 3106 hic
1203 3062 1224 3106 a
1246 3062 1359 3106 cancro

250 3158 407 3242 incipiens
430 3157 524 3239 signa
546 3156 671 3222 zodiaci
694 3162 866 3233 enumeret,
889 3156 1098 3223 Germanicus
1118 3163 1224 3225 autem
1241 3158 1360 3223 oriatur

251 3278 294 3343 ab
316 3276 426 3340 uncte.
457 3295 521 3357 qua
542 3274 575 3338 in
592 3275 835 3340 enumeratione
857 3273 971 3340 libram
986 3274 1101 3342 deesse
1116 3276 1264 3342 uiderunt
1279 3276 1359 3342 Gro-

250 3394 313 3460 tius
335 3391 474 3457 Orellius
494 3390 654 3474 iosephus
675 3389 761 3477 Frcy
777 3390 864 3477 [nou
880 3412 959 3456 mus.
976 3392 1074 3458 Rhen.
1090 3393 1171 3458 XIII
1182 3372 1268 3480 tm.
1291 3393 1360 3459 iure

250 3511 349 3594 igitur
376 3509 507 3576 Grotius
534 3515 566 3573 et
590 3506 676 3592 Frey
705 3509 789 3574 hunc
815 3509 922 3574 locum
951 3508 1123 3575 delendum
1154 3517 1359 3589 censuerunt;

251 3628 420 3712 aquarium
447 3633 553 3693 autem
579 3625 758 3692 desiderari
780 3647 846 3692 non
867 3631 954 3692 recte
976 3625 1133 3692 dixcnmt.
1166 3626 1359 3692 deteriorum

251 3748 336 3815 enim
351 3745 497 3813 codicum
512 3743 671 3829 scriptura
685 3744 805 3810 reiecta
826 3763 938 3811 uersus
953 3749 1015 3813 567
1037 3762 1077 3809 ex
1094 3743 1284 3811 auctoritate
1298 3742 1359 3808 Ba·

251 3866 398 3934 sileensis
420 3869 452 3931 et
472 3862 613 3930 Parisini
634 3861 792 3944 legendus
814 3868 864 3928 est

380 4000 408 4052 et
427 3983 554 4072 pelides
575 3982 780 4067 capricornus
803 3994 831 4047 et
852 3979 998 4065 imbrifer
1020 3993 1048 4046 et
1069 3980 1132 4045 dno
1151 3982 1265 4064 pisces.

251 4122 445 4186 quamquam
466 4122 531 4167 non
551 4101 680 4182 ignoro,
704 4117 775 4163 cum
796 4097 880 4162 libra
900 4115 975 4179 pars
997 4095 1038 4161 sit
1059 4095 1258 4191 scorpionis,
1280 4097 1358 4165 licet

250 4240 307 4308 per
330 4240 365 4289 se
387 4219 551 4308 singulare
570 4217 699 4305 signum
720 4215 867 4303 fingatur,
888 4234 947 4300 pro
969 4212 1052 4289 libra
1072 4213 1126 4281 uel
1148 4212 1248 4281 chelis
1270 4233 1355 4285 scor-
