2948 5010
544 411 780 476 -131-

103 583 219 648 lantur.
251 582 410 659 nubilum,
439 580 524 663 quod
548 580 632 645 oiroa
654 598 726 644 eum
749 560 889 659 uidetur,
913 581 1117 665 praesepium
1140 584 1205 649 dioi
1232 595 1259 661 s

100 698 160 757 tur.
195 691 307 757 inore
332 696 442 768 unam,
470 690 504 753 in
526 688 647 754 dextris
672 688 809 772 pedibus
837 690 990 772 singulas.
1029 692 1108 757 fiunt
1130 702 1221 775 quat-

102 805 183 866 tuor·
197 800 361 866 obsourae.
385 800 418 864 in
441 798 578 865 sinistris
599 799 705 883 priore
728 798 831 864 olaras
853 823 886 879 11,
909 799 944 864 in
966 801 1107 866 seeundo
1130 824 1164 879 11,
1187 801 1220 866 iu

101 911 206 976 tertio·
221 933 242 989 1,
264 910 298 973 in
319 914 460 974 extremo
484 908 606 972 minore
628 931 649 985 1,
672 909 706 972 in
726 914 811 974 testa
833 931 866 972 11.
901 915 975 976 sunt
998 929 1109 975 omnes
1130 932 1195 974 xv1.

190 1017 422 1100 Horrentisque
444 1015 549 1103 iubas]
843 1003 845 1007 ’
1097 1047 1099 1050 <
1161 1016 1164 1023 '
1242 1043 1254 1081 a

190 1130 331 1193 Leonem
353 1128 507 1196 beneficio
529 1129 618 1196 Iouis
639 1129 722 1194 inter
738 1136 824 1194 astra
840 1127 1031 1192 ooilooatum
1053 1127 1163 1192 dicunt
1178 1147 1217 1193 eo

107 1238 195 1321 quod
221 1236 336 1303 uirtute
366 1246 488 1304 ceteras
510 1239 630 1321 bestias
651 1238 837 1321 praeoellat.
860 1235 1052 1301 Periandrus
1073 1235 1218 1302 Rhodius

105 1346 214 1425 refert,
238 1366 310 1411 eum
333 1348 374 1414 ob
396 1347 517 1432 primos
539 1348 668 1413 labores
692 1347 838 1412 Herculis
860 1345 1032 1412 memoriae
1049 1366 1147 1411 eausa
1161 1347 1218 1412 ho·

102 1457 233 1521 norifioe
249 1456 347 1522 astris
362 1456 504 1521 inlatum.
527 1456 677 1539 Nigidius
693 1454 798 1533 refert,
820 1454 906 1520 huno
920 1456 1049 1520 leonem
1065 1455 1215 1520 nutritum

104 1565 192 1653 apud
212 1566 339 1630 Lunam
354 1567 443 1632 iussu
465 1565 597 1631 Iunonis
619 1570 651 1628 et
673 1564 706 1628 in
728 1572 846 1630 terram
860 1564 1032 1629 Arcadiam
1053 1563 1087 1629 in¹
1108 1564 1215 1646 regio·
1227 1591 1253 1630 ro

101 1695 176 1741 nem
192 1677 333 1740 Nemeae
348 1675 381 1738 in
398 1676 593 1759 spelunoam,
617 1699 697 1760 qaae
712 1672 949 1757 Amphidymon
963 1673 1091 1738 nomine
1112 1673 1216 1754 suerit,

103 1806 198 1869 quam
221 1784 351 1866 quidam
372 1783 575 1868 tamphyriso
599 1782 707 1847 dieunt
731 1782 775 1869 [et
795 1782 886 1847 iussu
907 1781 1052 1870 Iunonis]
1076 1780 1121 1846 ad
1134 1781 1216 1846 Her·
1242 1811 1245 1816 ·

103 1896 182 1962 aulis
206 1894 336 1958 exitium
359 1892 534 1958 dimissum.
569 1912 663 1976 quem
686 1893 843 1957 Hercules
863 1892 953 1958 iussu
974 1892 1146 1977 Eurysthei
1168 1893 1214 1957 im

100 2003 225 2069 terfeoit
247 2023 317 2068 oum
332 2001 494 2067 Moloroho
517 2001 642 2085 hospite
664 2021 732 2080 suo,
757 2002 845 2066 ouius
870 2001 996 2066 olauam
1021 2000 1140 2090 [quam]
1164 2001 1214 2066 ui·

101 2114 189 2178 ribus
210 2113 358 2177 tributam
381 2126 445 2176 tom
467 2108 621 2194 pridoipio
645 2116 694 2175 est
717 2110 866 2196 adeptus,
895 2131 966 2177 oum
995 2131 1060 2195 qua
1085 2111 1211 2176 leonem
1225 2139 1250 2178 rs

100 2221 265 2288 interfeoit.
288 2221 396 2302 itaque
418 2226 532 2303 postea
554 2219 646 2283 olaua
668 2239 725 2303 pro
748 2220 866 2301 gladio,
889 2219 974 2302 pelle
989 2240 1047 2304 pro
1069 2227 1157 2286 souto
1180 2221 1213 2284 in

100 2331 224 2414 reliquo
251 2337 395 2413 tempore
425 2328 471 2392 uti
499 2328 603 2411 eoepit
625 2307 660 2392 ¹et
688 2329 773 2412 apud
797 2349 906 2394 omnes
928 2330 1081 2393 mortales
1102 2333 1213 2414 gratus

100 2527 145 2592 tio
168 2546 279 2605 uuam,
302 2516 336 2590 iu
359 2529 473 2606 quarto
496 2543 607 2607 unam,
629 2522 664 2586 in
686 2523 799 2588 dextro
822 2524 907 2590 labio
930 2530 1004 2604 tres,
1027 2524 1061 2588 in
1081 2520 1249 2590 sinistro&

103 2635 196 2702 duae.
488 2644 491 2648 ⁴

186 2746 327 2810 Leonem
353 2743 444 2808 aiunt
471 2742 589 2806 ideireo
615 2742 696 2806 inter
723 2747 810 2807 astra
832 2743 1031 2807 oonlooatum
1060 2761 1098 2831 eo
1124 2741 1249 2824 quoda

101 2855 223 2938 praesit
245 2851 505 2936 quadrupedibus
528 2852 596 2916 siue
618 2854 747 2934 propter
769 2850 955 2916 memoriam
976 2851 1133 2929 Herculis,
1157 2851 1212 2933 qui

102 2963 232 3029 leonem
253 2962 416 3043 ingentem
432 2962 570 3027 inermis
591 2960 707 3026 dieitur
728 2960 914 3045 peremisse.
1027 2996 1030 3001 ·

136 3133 154 3186 3
171 3131 278 3201 priores
295 3137 317 3183 V
337 3131 349 3204 Η
370 3131 398 3185 in
417 3130 539 3186 seeundo
554 3150 564 3185 1
577 3135 626 3184 SV
645 3128 657 3202 Η
677 3130 707 3183 in
726 3131 851 3185 seeundo
871 3151 894 3185 11
912 3135 1010 3198 scripsi
1024 3147 1059 3182 ea
1071 3133 1170 3197 Eppia.
1181 3133 1210 3181 P.
1227 3133 1248 3182 S

100 3222 134 3271 A.
147 3222 192 3268 111
202 3224 239 3270 n
258 3216 271 3287 Η
291 3220 308 3274 5
329 3223 417 3272 Germ.
433 3227 573 3271 too-156
591 3222 611 3271 S
631 3218 644 3288 Η
666 3220 682 3273 6
701 3218 834 3272 benefitio
853 3222 874 3270 S
895 3217 908 3288 Η
926 3218 1042 3272 Iunonis
1066 3223 1088 3272 V
1107 3217 1120 3288 Η
1141 3217 1211 3271 dici·

101 3309 146 3358 tur
169 3310 191 3359 V
209 3305 222 3373 Η
242 3304 385 3360 ‘rhaetias
405 3326 455 3358 om.
474 3309 497 3358 V
515 3305 528 3376 Η
549 3305 725 3375 precellats
746 3305 759 3374 Η
779 3304 884 3374 poellat
901 3310 923 3356 V
941 3304 954 3376 Η
974 3304 1147 3359 Periandrus
1166 3320 1211 3357 ro-

102 3424 204 3478 sauss
225 3425 240 3498 ΗΗ
259 3428 276 3482 a
295 3443 328 3480 00
348 3426 462 3496 quous
483 3425 496 3498 ΗΗ
516 3401 663 3497 suasu
683 3422 695 3494 ΗΗ
716 3426 846 3479 silaus
867 3424 880 3497 Η
899 3424 1101 3507 uygruussr
1130 3427 1164 3480 ro
1177 3424 1211 3476 -rn

101 3516 186 3564 ooaS
207 3512 219 3582 Η
239 3517 314 3567 terra
333 3514 465 3568 archadia
489 3519 510 3565 V
535 3514 547 3583 Η
572 3513 688 3580 regione
713 3518 734 3564 V
758 3512 771 3584 Η
797 3515 831 3568 11
850 3529 947 3567 nemee
966 3517 1015 3565 SV
1037 3509 1051 3581 Η
1078 3511 1212 3581 spelunca

104 3603 128 3650 V
152 3597 166 3669 Η
194 3616 265 3669 quae
285 3604 378 3653 addidi
397 3619 432 3653 ea
450 3603 531 3652 schol.
550 3603 638 3652 Basti.
665 3599 677 3669 Η
703 3596 901 3669 ωἰίιᾱῇιηοιιδ
927 3599 940 3669 Η
965 3597 1132 3666 miohdimon
1156 3596 1209 3668 ΙΙΗ

100 3687 136 3740 12
152 3685 277 3756 Aphriso
296 3690 318 3738 V
337 3686 350 3758 Η
371 3687 522 3758 Amphriso
538 3691 635 3753 Hypios.
648 3687 705 3754 fab.
718 3694 753 3738 80
773 3684 786 3755 Η
807 3684 904 3739 diount
916 3685 1032 3739 fueritS
1052 3684 1065 3753 Η
1087 3685 1116 3736 et
1133 3683 1213 3737 iussu

99 3772 215 3827 Iunonis
230 3778 316 3826 deleat
337 3772 351 3845 Η
372 3775 518 3846 iussurus
538 3772 551 3843 Η
573 3774 607 3827 13
626 3773 747 3826 exioium
765 3778 787 3824 V
806 3772 818 3843 Η
839 3773 1024 3842 dymissums
1044 3770 1057 3841 Η
1078 3769 1214 3823 euristhei

98 3897 120 3946 s
141 3893 155 3961 Η
177 3895 291 3948 eurota
315 3894 368 3966 νΗ
390 3896 424 3949 14
441 3871 570 3949 madeus
589 3897 610 3946 s
630 3893 645 3965 Η
665 3895 833 3949 morosior
853 3894 865 3964 ΗΗ
883 3893 1022 3964 pusaeus
1040 3895 1062 3943 ν
1081 3891 1094 3962 Η
1115 3892 1149 3945 ro
1167 3905 1212 3956 sa-

99 3983 168 4034 outo
186 3985 207 4034 S
228 3979 241 4052 Η
261 3983 289 4035 in
309 4000 357 4037 om.
377 3987 398 4033 V
417 3979 431 4051 ΙΙ
452 3983 485 4036 17
505 3981 583 4052 cepit
601 3986 669 4033 ireos.
684 3992 780 4048 postea
799 3985 848 4034 SV
865 3979 880 4050 Η

135 4121 169 4177 18
187 4125 286 4190 quotto
308 4125 331 4175 θ
351 4121 364 4192 Η
386 4120 544 4176 GANGER
564 4123 629 4174 GGV
650 4124 791 4187 imopiaem
806 4124 906 4187 oddone
923 4119 1027 4171 (ΜΨ
1047 4117 1062 4191 Η
1083 4121 1118 4175 22
1136 4111 1249 4189 peri-G

98 4207 188 4261 misse
210 4210 233 4260 θ
253 4207 266 4278 Η
1076 4203 1079 4208 ·

928 4340 929 4344 ,
978 4293 1026 4349 9*
