2948 5010
642 433 849 498 ..90...

129 582 134 592 ⁸
199 609 286 670 stans
312 605 404 689 bipes
431 604 594 690 sagittetur
619 623 724 687 neque
753 607 922 669 centaurus
951 602 1035 667 ullus
1061 601 1185 686 sagittis
1215 618 1296 666 usus

200 719 255 778 θεῖ.
285 713 336 778 hic
362 719 466 780 autem
492 716 586 780 homo
614 712 737 796 equinis
764 712 898 796 pedibus
922 717 969 778 est
991 716 1021 776 et
1043 710 1177 776 caudam
1196 708 1297 775 habet

198 822 296 889 ueluti
324 825 434 911 satyri.
463 825 515 889 hic
542 824 655 889 dicitur
677 824 803 907 Oratus,
831 822 1028 887 Euschemus
1053 821 1213 885 Musarum
1240 840 1296 883 nu-

198 933 285 999 tricis
301 932 393 1012 filius,
415 933 631 999 utSositheus
646 932 954 1015 tragoediographus
974 929 1077 1009 refert,
1098 929 1297 995 inhabitasse

175 1043 367 1126 ⁵Helicona,
396 1043 450 1125 qui
473 1043 654 1125 sagittarius
676 1049 793 1107 uenatu
814 1043 911 1106 uitam
934 1039 1082 1124 exigeret.
1113 1037 1195 1103 atis
1218 1037 1297 1120 quia

197 1151 280 1217 inter
300 1154 407 1218 Musas
429 1153 557 1237 saepius
578 1158 719 1218 moratus
733 1153 850 1236 plausu
864 1154 975 1216 cantus
989 1169 1099 1213 earum
1120 1147 1296 1233 distingue-

198 1262 253 1351 bat
279 1261 312 1326 id
339 1267 388 1328 θεῖ
416 1262 459 1328 ad
486 1262 602 1347 pedem
629 1263 774 1327 manibus
795 1260 969 1346 plaudebat
990 1260 1099 1341 tquem
1127 1257 1182 1322 alii
1203 1257 1294 1322 time-

198 1375 281 1449 rent,
304 1370 393 1438 ·hune
420 1373 532 1438 Musae
559 1370 712 1436 beneficio
734 1371 819 1436 Iouis
841 1368 936 1435 astris
957 1369 1103 1434 intulere.
1134 1367 1224 1433 cuius
1247 1387 1295 1432 ar-

198 1485 247 1544 tes
269 1483 419 1548 mortales
441 1499 587 1546 mansere
609 1481 742 1564 plausus
764 1486 795 1547 et
816 1478 970 1563 sagittari.
1001 1478 1059 1543 sub
1081 1476 1142 1543 hoo
1163 1478 1225 1541 sita
1247 1482 1296 1543 θεῖ

160 1607 187 1646 ro
198 1590 315 1654 nauis.
338 1590 436 1657 habet
458 1591 684 1674 sagittarius
702 1592 812 1656 stellas
826 1580 886 1654 xnr
900 1595 930 1653 et
944 1588 1052 1653 nauis
1067 1609 1121 1651 vn.
1144 1587 1295 1670 Nigidius

197 1698 237 1764 de
254 1700 349 1766 Croto
365 1700 479 1766 eadem
502 1700 587 1786 dicit,
610 1702 753 1767 sednon
775 1705 995 1766 conuersatum
1010 1698 1117 1781 Musis,
1141 1697 1201 1762 sed
1223 1717 1294 1762 cum

195 1807 272 1874 illae
296 1816 411 1876 cautus
444 1811 620 1893 chorosque
653 1810 862 1890 celebrarent,
895 1810 980 1875 hunc
1010 1808 1123 1898 procul
1150 1805 1293 1872 abditum

195 1918 361 2001 repentino
388 1918 501 2002 plausu
527 1920 568 1985 ad
594 1918 710 2004 pedem
737 1919 905 1985 ferientem
929 1920 1107 1985 oblectasse
1129 1923 1292 1982 canentes.

197 2027 238 2090 oh
261 2026 322 2092 hoo
345 2047 417 2092 eum
440 2030 480 2093 ab
503 2030 580 2095 Ioue
602 2029 772 2094 immortali
794 2029 945 2094 memoria
971 2049 1080 2094 earum
1101 2032 1216 2109 rogatu
1239 2026 1295 2091 do-

159 2141 318 2215 renatum,
343 2138 428 2220 quod
453 2144 538 2204 esset
559 2140 688 2204 nutricis
711 2158 819 2204 carum
841 2138 934 2218 filius,
958 2138 1075 2204 Oceani
1098 2154 1208 2220 nepos.
1239 2135 1295 2200 alii

198 2266 269 2311 eum
298 2247 466 2313 Chironem
495 2269 566 2313 θεεθ
593 2248 752 2332 dixemnt,
787 2248 912 2314 Satnmi
944 2253 976 2313 et
1001 2247 1152 2333 Philyrae
1184 2245 1293 2324 filium,

197 2359 256 2443 qui
284 2356 476 2423 iustissimus
504 2358 707 2440 maximeque
734 2358 806 2442 pius
836 2365 932 2440 atque
958 2356 1124 2441 hospitalis
1152 2361 1247 2421 esset.
1276 2375 1296 2418 a

197 2485 260 2546 quo
283 2466 491 2550 Aesculapius
514 2467 714 2546 medicinam,
737 2466 879 2533 Achilles
901 2468 1067 2551 citharam,
1090 2465 1141 2530 tin
1162 2464 1296 2530 astrolo-

197 2574 265 2658 gia,
296 2575 451 2641 Hereules
472 2575 592 2642 litteras
621 2575 769 2642 didicisse
791 2577 944 2656 dicantur,
973 2583 1143 2663 propterea
1164 2576 1296 2640 deorum

195 2798 212 2852 2
229 2797 356 2868 aequinis
368 2801 416 2850 ΑΡ
433 2796 447 2868 Η
466 2793 810 2869 4tragoediodiographus
822 2802 868 2851 ΔΡ
880 2796 893 2869 Η
911 2799 984 2853 refer
995 2803 1044 2851 ΔΡ
1062 2796 1074 2868 Η
1093 2797 1111 2852 5
1123 2795 1208 2868 adqui
1220 2797 1269 2847 ΔΡ
1280 2793 1294 2865 Η

195 2885 242 2956 qui
254 2889 351 2952 scripsi
371 2882 384 2955 Η
405 2883 577 2953 sagittarium
590 2887 638 2935 ΔΡ
656 2883 669 2954 Η
690 2884 850 2955 sagittarius
862 2890 958 2954 scripsi
978 2883 990 2954 Η
1009 2901 1082 2939 uena
1094 2888 1140 2936 ΑΡ
1158 2880 1172 2953 Η
1191 2884 1295 2937 uenatu

199 2992 259 3043 Vri.
271 2994 381 3043 strusz.
394 2988 408 3059 Η
422 2987 602 3056 exigeretatis
613 2973 681 3042 tatis
694 2993 717 3041 Δ
738 2986 752 3060 Η
773 2989 868 3059 exigor
882 2988 984 3043 aetatis
996 2992 1018 3039 Ρ
1037 2987 1049 3058 Η
1070 2988 1118 3059 qui
1131 2991 1178 3040 ΑΡ
1195 2982 1210 3059 Η
1230 2987 1297 3058 quia

83 3153 84 3156 Ἰ
194 3098 291 3160 scripsi
312 3091 324 3163 Η
344 3095 362 3149 6
380 3109 473 3147 eorum
490 3095 537 3143 ΔΡ
547 3061 659 3146 συννοεῖ
669 3061 687 3163 Η
708 3095 723 3148 7
742 3110 823 3164 quem
842 3094 890 3148 alii
907 3094 1036 3148 timerent
1053 3096 1100 3145 ΑΡ
1118 3091 1131 3162 Η
1152 3091 1228 3164 quod
1247 3091 1297 3147 alii

195 3180 368 3234 imitarentur
380 3180 542 3234 Sriculruclr.
564 3177 577 3250 Η
599 3196 670 3249 quae
688 3181 841 3236 arriderent
859 3201 871 3234 ε
892 3180 905 3251 Η
922 3183 939 3236 9
958 3179 1131 3248 sagittarii?
1148 3177 1161 3249 Η
1182 3181 1215 3235 11
1235 3194 1296 3233 cro·

194 3272 260 3322 tone
279 3271 327 3320 ΑΡ
344 3266 358 3338 Η
379 3268 463 3323 θεοῖο
483 3285 495 3320 s
515 3266 528 3338 Η
549 3267 664 3322 aeadcm
683 3267 737 3338 ΡΗ
757 3268 850 3322 multis
865 3271 912 3321 ΑΡ
930 3266 943 3338 Η
962 3267 1048 3321 musis
1070 3268 1183 3342 Vrbicus
1196 3270 1297 3320 δῖνοι,

194 3393 289 3443 siccas
311 3387 323 3459 Η
344 3389 530 3460 12111θΑΡΗ
552 3390 651 3444 chorus
671 3367 729 3460 ΗΔ
751 3389 765 3462 Η
785 3405 893 3461 corosq.
914 3387 967 3460 ΡΗ
987 3389 1021 3444 13
1040 3387 1203 3443 oblectabat
1222 3388 1295 3455 (posi

194 3477 355 3532 oblectabat
378 3481 464 3530 decem
483 3481 541 3546 fere
561 3480 713 3530 litterarum
733 3482 828 3531 lucana
847 3477 883 3549 Δ)
904 3481 948 3530 ΑΡ
971 3475 984 3547 Η
1009 3477 1168 3531 oblectasse
1186 3478 1296 3544 scripsi,

193 3567 245 3615 nisi
258 3567 331 3632 forte
345 3582 380 3617 erc
397 3566 523 3618 Vriiauie
543 3563 684 3618 oblectare
703 3567 867 3619 scribendam
884 3575 909 3617 ei
931 3565 1042 3619 solitum
1055 3566 1203 3617 addendum
1217 3572 1258 3616 est
1280 3561 1295 3632 Η

194 3652 229 3707 14
240 3651 275 3706 ab
289 3656 311 3704 A
327 3650 340 3722 Η
361 3651 500 3706 inmortali
511 3656 534 3703 Ρ
553 3650 567 3722 Η
587 3650 680 3705 datum
693 3656 741 3706 ΑΡ
757 3651 770 3724 Η
785 3652 915 3707 donatum
933 3652 1046 3725 Vrbicus
1064 3649 1078 3723 Η
1099 3653 1133 3707 16
1146 3666 1207 3705 cum
1220 3654 1269 3704 ΔΡ
1281 3649 1296 3723 Η

194 3772 255 3809 cum
268 3775 279 3810 ε
300 3754 314 3828 Η
334 3773 463 3828 cyrenem
475 3761 497 3808 P
510 3754 523 3825 Η
539 3755 666 3809 dicerent
678 3760 724 3808 ΑΡ
737 3757 751 3828 Η
766 3756 917 3811 dixerunts
937 3754 951 3828 Η
972 3733 1049 3839 hiere
1062 3761 1085 3808 Ρ
1102 3754 1116 3825 Η
1135 3756 1169 3810 17
1182 3755 1231 3826 qui
1243 3758 1296 3808 cri-

194 3881 249 3930 didi
269 3878 288 3947 Η
304 3877 378 3948 qnod
390 3895 401 3930 r
422 3875 436 3947 Η
455 3845 625 3967 iustissimis
639 3877 686 3948 ΡΗ
705 3878 769 3950 plns
781 3883 829 3931 ΑΡ
841 3878 854 3951 Η
868 3880 931 3951 pins
944 3898 955 3932 s
970 3878 984 3950 Η
998 3881 1032 3935 18
1043 3890 1127 3931 aesco
1140 3875 1232 3946 lapius
1244 3878 1268 3928 Ρ
1280 3874 1296 3946 Η

193 3998 363 4053 medicinaA
385 3996 399 4069 Η
420 3975 566 4066 medicina
586 4003 606 4049 Ρ
624 3999 637 4071 Η
656 3999 819 4055 medicinam
835 4004 929 4068 scripsi
949 3999 961 4071 Η
983 3999 1130 4070 cytharaA
1153 3995 1166 4067 Η
1186 3995 1298 4051 cithara

193 4092 215 4139 Ρ
234 4084 248 4159 Η
268 4086 402 4140 citharam
413 4091 509 4153 scripsi
528 4084 543 4156 Η
562 4087 591 4140 in
604 4089 756 4157 astrologia
768 4091 814 4140 ΑΡ
831 4093 857 4142 ira
876 4091 1011 4157 particula
1029 4086 1057 4138 in
1076 4087 1163 4137 herois
1182 4088 1298 4138 alicuius

192 4192 286 4227 remea
305 4176 390 4225 latere
409 4183 436 4226 et
455 4172 633 4241 astrologiam
651 4177 816 4229 scribendam
835 4195 892 4230 esse
910 4185 974 4245 puio
994 4170 1007 4244 Η
1029 4174 1062 4228 19
1079 4171 1200 4227 herculis
1213 4175 1261 4225 ΔΡ
1280 4169 1294 4243 Η

192 4270 253 4329 post
271 4259 409 4315 Hercules
430 4263 540 4312 iccccce
558 4265 660 4329 siparum
679 4280 691 4315 ε
711 4260 724 4333 Η
744 4261 884 4319 dedicisse
902 4267 925 4316 A
947 4260 960 4334 Η
980 4260 1122 4346 didicissif
1139 4263 1163 4313 P
1180 4259 1194 4331 Η
