2948 5010
520 451 564 466 ..
606 415 737 483 231...

70 590 167 656 huius
190 609 269 672 pars
288 588 394 654 undae
415 588 542 653 laeuum
566 585 641 653 ferit
664 587 791 653 Orionis

74 700 167 783 lapsa
188 699 312 781 pedem.
345 698 456 783 procul
479 697 634 764 ambobus
658 698 711 781 qui
733 697 874 781 piscibus
895 717 978 761 unns

77 807 204 873 uincula
226 807 370 885 conectit,
393 805 497 871 nodus
520 805 648 872 cristam
670 826 766 891 super
786 806 892 889 ipsam

77 936 254 999 aequoreae
276 916 383 1001 pristis
406 915 517 980 radiat.
552 923 625 981 sunt
646 917 748 982 libere
770 915 859 980 caelo

73 1025 184 1091 sidera
206 1046 271 1090 non
292 1026 391 1091 ullam
413 1026 520 1109 specie
542 1026 710 1092 reddentia
732 1024 867 1090 formam

75 1135 138 1200 snb
159 1135 277 1219 leporis
299 1135 383 1201 latus
406 1153 554 1200 auersam
576 1142 649 1219 post
671 1135 809 1218 denique
831 1134 962 1218 puppim

75 1245 160 1309 inter
180 1251 210 1309 et
231 1244 362 1310 Eridani
383 1243 485 1311 flexus
508 1244 697 1328 clauumque
721 1243 857 1309 carinae.

74 1359 170 1436 atque
193 1354 271 1419 haec
291 1355 363 1438 ipsa
385 1360 490 1419 notast
513 1354 632 1418 nullam
653 1354 808 1438 praebere
829 1353 974 1434 figuram,

74 1470 149 1531 snnt
170 1464 286 1529 etenim
308 1469 373 1528 toto
396 1464 499 1548 sparsi
521 1464 588 1530 sine
612 1464 738 1529 nomine
760 1463 878 1528 mundo

75 1574 159 1639 inter
181 1573 272 1658 signa
293 1573 394 1658 ignes,
418 1575 532 1657 quibus
555 1574 615 1640 etsi
636 1572 765 1657 propria
788 1572 869 1638 desit

75 1681 187 1767 forma,
208 1703 265 1766 per
286 1683 423 1767 appositi
446 1691 618 1749 noscuntur
640 1683 760 1748 lumina
782 1682 873 1765 signi.

161 1792 219 1857 Est
240 1792 333 1857 etiam
357 1814 377 1857 a
399 1793 534 1875 geminis
557 1793 701 1858 diuersus
723 1792 862 1876 piscibus
884 1812 975 1874 unus,

76 1902 132 1984 qui
153 1903 273 1967 borean
295 1901 418 1987 fugitat,
442 1908 526 1968 totus
548 1903 687 1968 directus
708 1902 742 1968 in
763 1909 898 1981 austros,

77 2015 187 2076 uentre
208 2012 266 2077 snb
290 2013 450 2094 aegoceri,
472 2013 585 2096 pristin
607 2031 781 2078 conuersus
802 2012 845 2077 ad
868 2012 973 2077 imam.

78 2117 202 2184 infimus
222 2121 424 2204 hydrochoos
447 2121 505 2188 sed
528 2140 591 2203 qua
613 2121 749 2203 uestigia
771 2121 848 2204 figit,

65 2234 151 2293 sunt
172 2229 253 2296 aliae
276 2230 401 2310 stellae;
425 2251 489 2315 qua
511 2229 644 2295 caudam
667 2231 762 2296 belua
783 2228 881 2296 flectit

74 2357 202 2423 quaque
225 2345 320 2424 eaput
340 2340 446 2424 piscis,
469 2338 576 2406 media
596 2339 727 2424 regione
749 2341 872 2407 locatae

72 2579 126 2636 388
143 2577 216 2633 unda
229 2583 253 2631 Β
275 2576 287 2648 Η
307 2578 398 2632 lenum
417 2596 430 2630 e
450 2575 464 2648 Η
485 2581 564 2632 tenet
582 2583 628 2634 ast
643 2578 755 2636 Orionis
768 2585 793 2633 Β
815 2577 829 2649 Η
847 2580 899 2636 389
917 2578 1018 2635 amotis
1032 2577 1080 2649 qui
1091 2578 1176 2651 pisci·

73 2667 126 2720 bus
147 2682 214 2720 usus
232 2669 360 2734 ABEPpe
381 2664 393 2736 Η
414 2666 549 2721 ambobus
568 2683 622 2737 qua
640 2668 766 2739 piscibus
785 2681 855 2721 unns
876 2668 986 2718 Grotius
1007 2662 1022 2737 Η
1040 2666 1092 2722 370
1111 2681 1176 2720 con-

74 2753 156 2807 iectit
173 2757 221 2805 ΑΡ
238 2751 250 2822 Η
272 2752 394 2807 coniecit
411 2757 435 2805 Β
461 2752 474 2823 Η
501 2753 643 2807 coniectat
661 2772 675 2807 e
696 2753 708 2826 Η
734 2753 876 2808 connectit
896 2755 1006 2805 Grotius
1026 2755 1143 2805 Orellics
1163 2749 1177 2822 Η

74 2840 198 2895 conectit
215 2845 311 2908 scripsi
331 2838 344 2912 Η
364 2841 497 2910 Aequore
510 2844 569 2892 APe
591 2839 605 2911 Η
624 2841 776 2912 Aequorea
789 2846 812 2892 Β
835 2838 848 2910 Η
867 2855 1023 2910 aequoreae
1039 2843 1148 2893 Grotius
1163 2836 1176 2909 Η

73 2928 211 3001 pistrixli
232 2925 245 2996 Η
264 2929 368 2982 Pistris
384 2932 494 2981 Grotius
515 2926 527 2998 Η
548 2927 625 2982 adiat
638 2935 683 2982 ΑΡ
702 2928 715 3001 Η
735 2929 847 2984 radians
860 2932 885 2980 Β
907 2926 920 2998 Η
941 2926 1031 2980 adite
1053 2925 1066 2997 Η
1086 2925 1178 2979 radiat

72 3020 170 3082 scripsi
194 3013 208 3084 Η
233 3018 297 3069 sunt
315 3014 355 3070 illi
373 3015 493 3069 liberae
521 3014 535 3086 Η
562 3016 650 3072 libero
670 3022 693 3070 Α
716 3015 728 3088 Η
752 3018 805 3073 372
822 3014 981 3070 nonnullam
999 3017 1045 3067 ΑΒ
1065 3012 1078 3084 Η
1099 3014 1177 3068 00010

73 3099 220 3167 reddentia
238 3106 262 3153 B
284 3100 297 3171 Η
316 3102 511 3158 reddendas
531 3123 598 3158 corr.
612 3107 648 3157 Δ1
669 3106 682 3176 Η
702 3107 769 3159 bunc
781 3122 885 3157 uersum
899 3121 975 3159 once
996 3099 1009 3173 Η
1029 3101 1176 3171 3731000-

74 3188 170 3260 risque
189 3206 203 3241 e
225 3187 238 3259 Η
257 3205 365 3244 uersam
378 3195 438 3244 APe
459 3189 472 3261 Η
490 3192 543 3246 374
554 3191 705 3248 Eridanum
717 3197 755 3247 Ae
775 3191 788 3263 Η
808 3190 942 3245 heridanu
960 3195 984 3242 Β
1007 3189 1020 3259 Η
1041 3188 1177 3242 endanunr

72 3280 96 3328 Β
114 3275 128 3347 Η
151 3275 267 3330 Eridani
287 3282 397 3331 Grotius
424 3276 437 3348 Η
463 3277 605 3349 flexusque
625 3299 638 3334 e
666 3280 679 3351 Η
704 3296 855 3350 canumque
874 3281 935 3331 APe
961 3276 974 3349 Η
998 3277 1050 3332 375
1067 3279 1135 3329 nota
1153 3275 1178 3329 si

74 3368 120 3416 ΔΒ
142 3361 155 3434 Η
179 3367 248 3418 nota
266 3368 311 3420 est
331 3370 353 3417 Β
375 3365 387 3435 Η
407 3369 488 3419 notat
506 3367 531 3420 si
550 3386 563 3419 e
584 3365 597 3436 Η
617 3370 714 3422 notast
731 3371 827 3435 scripsi
847 3366 861 3437 Η
880 3366 1015 3437 prebuere
1035 3370 1059 3418 Β
1081 3364 1094 3435 Η
1114 3380 1176 3435 pre·

73 3451 175 3506 berel'
193 3450 207 3521 Η
227 3451 285 3506 fere
305 3469 318 3503 e
339 3451 352 3521 Η
371 3453 424 3507 376
442 3453 525 3506 etiarn
539 3458 625 3506 ABPc
648 3452 660 3523 Η
681 3454 783 3508 etenim
802 3459 912 3509 Grotius
932 3454 944 3525 Η
964 3457 1041 3509 totos
1055 3455 1177 3506 estotns

73 3558 143 3593 corr.
157 3540 193 3590 11¹
214 3538 226 3609 Η
246 3541 323 3592 totos
342 3538 395 3610 ΡΗ
415 3539 516 3594 mundo
536 3558 571 3593 ecc
589 3539 683 3594 mundi
701 3543 864 3597 corasius
883 3546 992 3595 uidetur
1012 3540 1025 3612 Η
1045 3538 1139 3594 mundi
1152 3545 1176 3593 Β

73 3632 109 3680 Pe
131 3625 143 3697 Η
163 3626 216 3681 377
234 3628 263 3679 et
280 3627 427 3697 propriaA
447 3628 472 3682 si
489 3632 678 3696 superscripsit
693 3633 734 3682 uel
747 3648 839 3683 monas
851 3634 938 3697 prima
951 3632 995 3681 ael
1007 3629 1066 3679 bcic
1079 3645 1177 3696 aequo·

73 3718 108 3767 iis
127 3716 200 3766 ‘caso
217 3731 281 3766 aero
301 3733 336 3767 cir
349 3718 457 3767 coasilio
471 3717 540 3767 baud
554 3718 668 3769 dicerem
682 3721 813 3771 detersam
827 3720 880 3770 est’
899 3719 1029 3769 Herizr'rcs
1049 3712 1061 3784 Η
1082 3714 1108 3768 si
1127 3733 1176 3770 om.

72 3806 96 3853 P
114 3799 127 3870 Η
147 3800 228 3868 ignes
242 3800 325 3855 etiam
339 3803 438 3872 quibus
452 3807 481 3856 et
493 3818 544 3857 sua
556 3803 656 3857 desito
677 3805 689 3872 Η
710 3807 758 3857 ‘urs
772 3808 908 3872 lependum
923 3801 1018 3856 defitt’
1034 3804 1150 3855 brettias
1161 3800 1175 3873 Η

72 3888 126 3943 378
144 3886 271 3956 oppositi
288 3892 328 3939 Be
355 3886 367 3959 Η
392 3892 568 3948 asie-381
587 3896 713 3945 omittant
732 3895 792 3943 Are
813 3889 826 3962 Η
846 3892 898 3946 379
916 3889 1096 3947 DIUERSIS
1115 3893 1140 3942 Β
1161 3889 1174 3958 Η

74 3973 201 4028 diuersus
222 3979 332 4029 Grotius
358 3977 370 4048 Η
398 3978 450 4034 380
467 3978 556 4047 fugiat
574 3984 598 4032 Β
626 3977 639 4049 Η
664 3977 765 4047 fugitat
784 3982 893 4031 Grotius
919 3977 931 4048 Η
956 3980 1008 4034 381
1027 3976 1176 4046 aegocberi

74 4068 98 4116 Β
120 4059 134 4131 Η
153 4061 262 4133 pristim
281 4069 304 4115 Β
326 4063 338 4134 Η
358 4064 465 4119 Pistrin
486 4067 602 4119 Orellics
621 4063 634 4136 Η
655 4066 707 4122 382
725 4065 910 4136 Hydrochons
929 4070 953 4118 Β
975 4065 988 4136 Η
1008 4063 1175 4119 hidroehoor

76 4153 97 4201 Ρ
125 4148 137 4218 Η
166 4146 328 4205 idrochoosr
348 4170 362 4205 e
392 4151 404 4223 Η
437 4151 488 4207 0οᾱ
507 4169 578 4224 quae
597 4156 645 4206 ΔΡ
671 4152 685 4225 Η
713 4153 818 4225 sedqne
836 4158 861 4207 Β
893 4153 904 4224 Η
934 4153 986 4211 383
1004 4168 1075 4226 quae
1094 4154 1141 4203 ΔΡ
1159 4149 1173 4223 Η

76 4236 127 4295 384
143 4236 237 4293 locate
255 4242 290 4292 Pr
309 4236 323 4311 Η
