2948 5010
691 417 923 483 ..120-

218 596 394 675 Sbrarent,
418 590 565 673 cogitans
580 587 782 672 praeclaram
798 587 913 655 facere.
938 587 1019 676 [pro]
1044 608 1109 672 qna
1128 588 1265 672 primum
1278 609 1370 655 noua

256 707 356 787 nupta
373 706 531 767 coronata
554 703 611 765 est.
643 699 701 765 sed
724 698 778 782 qui
802 699 926 763 Cretica
948 697 1137 782 conscripsit
1157 697 1269 776 refert,
1294 719 1370 765 cum

256 811 352 877 Liber
379 809 421 875 ad
442 811 581 876 Minoem
607 829 716 895 regem
744 807 901 886 uenisset,
932 813 967 872 ut
988 807 1151 873 Ariadnen
1174 807 1243 873 eius
1265 807 1370 874 filiam

256 939 390 987 uxorem
409 919 548 1005 duceret,
573 939 724 986 coronam
747 916 866 981 donum
881 916 1045 982 Ariadnae
1068 916 1205 997 dedisse,
1228 917 1372 984 Vulcani

232 1049 355 1115 aspere
382 1029 498 1095 factam
526 1049 566 1094 ex
594 1048 673 1094 auro
703 1033 735 1092 et
761 1026 896 1111 gemmis
918 1025 1076 1110 pretiosis.
1108 1033 1140 1091 et
1161 1027 1217 1092 tali
1239 1026 1373 1110 fulgore

257 1137 327 1217 luit,
349 1143 384 1203 ut
398 1138 527 1204 Thesea
547 1158 587 1202 ex
608 1136 790 1224 labyrintho
813 1135 974 1201 liberaret.
1005 1155 1089 1219 quae
1110 1144 1184 1223 post
1204 1136 1302 1204 astris
1323 1136 1373 1202 af-

257 1246 339 1324 fixa,
367 1267 439 1312 cum
464 1247 498 1312 in
519 1248 614 1313 Naxo
642 1248 768 1331 utrique
797 1245 969 1311 uenissent.
1000 1246 1126 1331 signum
1153 1247 1272 1313 amoris
1299 1247 1372 1313 eius

260 1354 363 1420 crines
386 1356 559 1422 ostendunt
579 1357 755 1439 stellaeque
777 1354 904 1439 fulgent
925 1356 984 1420 sub
1008 1356 1113 1423 cauda
1134 1356 1246 1423 leonis.
1269 1354 1372 1422 habet

260 1483 379 1530 corona
407 1465 519 1532 stellas
547 1452 618 1530 unu
649 1467 683 1530 in
716 1465 847 1530 circuitu
874 1465 1011 1549 positas,
1044 1485 1178 1548 quarum
1202 1471 1269 1532 tres
1296 1470 1373 1531 sunt

224 1571 450 1656 resplendidae
472 1574 515 1639 ad
537 1577 642 1661 capud
664 1575 822 1660 serpentis
845 1574 972 1639 arcturi.

344 1681 414 1747 Hac
437 1682 615 1769 ophiuchus
638 1685 708 1772 erit]

346 1790 406 1857 Hic
428 1798 478 1857 est
495 1795 720 1879 serpentarius,
745 1793 800 1875 qui
822 1812 920 1878 supra
943 1792 1145 1877 scorpionem
1168 1797 1232 1859 stat
1253 1797 1374 1860 tenens

259 1905 396 1982 utraque
422 1921 521 1967 manu
548 1909 740 1988 serpentem.
775 1903 817 1967 ab
845 1902 1016 1988 astrologis
1042 1901 1159 1968 dicitur
1181 1901 1282 1968 fuisse
1312 1901 1374 1968 Aa

223 2069 349 2151 otiliae
370 2069 486 2137 Minois
508 2073 604 2157 regis,
627 2073 660 2136 in
682 2092 813 2138 munere
836 2073 924 2156 apud
948 2073 1063 2138 Creten
1086 2072 1225 2138 insulam
1248 2071 1377 2138 donata

224 2213 248 2252 η
261 2176 371 2258 fuerit,
395 2199 466 2244 cum
488 2203 509 2247 a
530 2181 700 2267 Dionysio,
724 2181 778 2262 qui
801 2188 833 2246 et
854 2181 952 2247 Liber
974 2187 1076 2266 pater,
1101 2182 1198 2246 etiam
1222 2180 1375 2247 Bacchus

262 2285 385 2372 dicitur,
408 2276 590 2357 nuberetur.
620 2292 710 2356 aiunt
732 2309 859 2373 quoque
888 2298 919 2355 et
946 2293 1049 2359 crines
1077 2290 1179 2375 ipsius
1202 2311 1274 2358 esse
1297 2289 1376 2356 stel-

261 2394 326 2474 las,
357 2416 441 2478 quae
464 2398 615 2464 uidentur
638 2400 697 2464 sub
720 2397 824 2465 cauda
845 2400 958 2468 leonis.
993 2402 1092 2468 habet
1115 2421 1234 2467 corona
1257 2397 1376 2466 stellas

262 2527 334 2569 vnn
353 2505 388 2569 in
410 2505 542 2572 circuitu
563 2507 696 2591 positas.
720 2525 855 2588 quarum
870 2516 934 2577 tres
950 2517 1024 2577 sunt
1045 2509 1237 2595 splendidae
1259 2508 1304 2574 ad
1319 2527 1377 2574 ea·

262 2614 329 2702 pud
351 2616 508 2700 serpentis
530 2616 656 2681 arcturi.

224 2769 251 2809 Η
346 2725 495 2817 Ceterum
518 2727 747 2812 serpentarius,
770 2728 826 2811 qui
849 2748 945 2813 super
959 2728 1160 2814 scorpionem
1183 2727 1378 2795 constitutus

264 2839 322 2914 est,
344 2839 459 2902 tenens
480 2841 619 2918 utraque
644 2857 741 2902 manu
764 2845 958 2924 serpentem,
986 2839 1029 2904 ab
1057 2837 1230 2920 astrologis
1257 2836 1379 2903 dicitur

225 3046 246 3095 3
300 3025 316 3078 1
335 3039 386 3093 pro
407 3025 494 3074 deleri
515 3020 527 3092 Η
549 3029 642 3091 quos
667 3023 681 3094 Η
706 3040 806 3079 nouem
825 3029 977 3097 nuptamS
1006 3024 1020 3096 Η
1047 3025 1254 3080 2creticamS
1275 3022 1290 3094 Η
1309 3024 1380 3094 quia

264 3130 326 3170 cum
348 3117 370 3165 V
390 3110 403 3182 Η
423 3113 440 3167 3
458 3110 590 3176 minorem
608 3115 629 3164 s
650 3110 663 3183 Η
682 3091 850 3167 uenisseis
872 3110 885 3182 Η
910 3116 942 3166 ut
960 3112 1054 3166 ariana
1073 3111 1157 3166 liliam
1176 3113 1236 3166 eius
1256 3111 1396 3174 duceret.

263 3216 377 3257 uxorem
400 3205 422 3253 V
441 3196 454 3269 Η
473 3197 492 3251 4
510 3196 611 3251 donum
631 3219 680 3254 em.
699 3206 721 3253 V
740 3198 753 3271 Η
774 3198 907 3254 adriadne
926 3204 948 3253 s
968 3198 981 3270 Η
1002 3198 1116 3254 adriane
1141 3204 1163 3252 V
1186 3197 1200 3270 Η
1225 3199 1376 3271 bprecio-

265 3289 305 3344 sis
329 3293 351 3341 V
370 3287 382 3356 Η
402 3286 487 3340 talem
505 3285 679 3356 fulgorems
706 3285 718 3357 Η
744 3287 810 3341 talis
830 3286 947 3356 fulgoris
970 3291 992 3339 V
1016 3285 1029 3358 Η
1055 3287 1184 3342 dthesia
1206 3292 1229 3341 V
1254 3284 1268 3356 Η
1293 3285 1376 3342 Ιεὼοι

264 3376 356 3430 rintho
376 3378 396 3425 S
417 3372 429 3443 Η
450 3374 587 3428 laberinto
612 3380 634 3426 V
653 3373 666 3444 Η
686 3374 877 3428 liberassets
901 3373 914 3445 Η
941 3373 1023 3427 affixa
1042 3377 1087 3426 est
1109 3378 1132 3425 V
1155 3372 1168 3445 Η
1195 3373 1299 3428 lncso
1318 3378 1342 3427 S
1364 3374 1378 3444 Η

264 3461 324 3533 figm
342 3465 364 3514 s
384 3459 397 3533 Η
414 3463 432 3517 8
450 3462 542 3516 crines
561 3468 593 3516 aa
612 3461 710 3516 offedit
728 3467 748 3514 s
768 3460 781 3532 Η
803 3467 832 3516 et
851 3465 896 3515 est
915 3459 1006 3515 stellis
1024 3458 1196 3528 fulgentibus
1214 3465 1237 3512 V
1255 3460 1268 3531 Η
1290 3460 1379 3516 stalle

171 3596 178 3609 .
265 3554 320 3621 (ps
335 3547 348 3619 Η
366 3551 383 3605 9
395 3553 497 3620 postea
510 3565 614 3604 corona
626 3550 733 3603 hebens
747 3550 846 3603 stellas
859 3563 959 3602 nouem
972 3546 1001 3599 in
1014 3546 1132 3600 circuitu
1143 3546 1253 3617 positas
1269 3548 1378 3602 lindos.

265 3641 354 3690 Maur.
369 3640 401 3689 de
415 3654 497 3703 eonip.
510 3652 545 3689 Η
558 3646 620 3690 tom.
633 3642 686 3704 lp.
700 3645 753 3690 696
765 3641 852 3705 Mipa.
867 3634 881 3706 Η
901 3636 934 3691 10
947 3637 1032 3704 caput
1049 3639 1071 3685 V
1087 3632 1100 3705 Η
1121 3635 1153 3689 11
1169 3638 1379 3689 damu-89

265 3728 286 3778 S
306 3722 319 3794 Η
340 3724 374 3778 13
393 3722 440 3791 qui
458 3723 493 3775 ab
517 3727 539 3775 V
559 3722 571 3792 Η
592 3722 753 3794 astrologiis
773 3726 792 3774 S
813 3721 827 3792 Η
848 3721 1038 3798 Aesculapius
1062 3726 1084 3774 V
1103 3718 1116 3791 Η

229 3898 253 3947 a
305 3880 341 3934 14
358 3844 457 3945 mingis
472 3879 511 3931 pa
532 3877 546 3949 Η
565 3879 745 3932 ἰηωωιθτθθ
765 3875 778 3946 Η
799 3882 902 3932 cretam
921 3876 1040 3931 insolam
1060 3874 1188 3947 (insulam
1204 3873 1293 3944 0⁶6⁵)
1309 3877 1380 3933 OG·

268 3965 305 4020 (il
324 3965 338 4036 Η
364 3967 468 4021 donatii
488 3965 578 4019 &⁶6⁶¹
596 3984 661 4020 corr.
680 3962 728 4016 ΟΜ
754 3962 766 4033 Η
792 3967 825 4020 15
845 3964 966 4019 dionisio
988 3962 1050 4033 ΟΗ
1077 3962 1204 4032 dyonisio
1223 3973 1286 4029 poci
1304 3981 1378 4020 corr.

267 4052 344 4108 (Μ’
365 4051 379 4124 Η
398 4056 480 4125 pater
498 4051 570 4107 liber
589 4051 667 4107 (³⁶0⁶
685 4050 699 4122 Η
720 4051 826 4106 bechus
841 4049 945 4105 edocti
966 4050 979 4123 Η
992 4053 1034 4108 {8
1050 4051 1161 4122 positus
1183 4048 1311 4104 omem
1325 4051 1379 4105 0⁶²

267 4141 280 4211 Η
301 4144 386 4213 caput
400 4139 478 4194 0⁶0⁶
498 4140 511 4212 Η
532 4143 566 4197 19
584 4148 646 4209 post
665 4138 766 4193 arcturi
785 4143 923 4208 inscriptio
944 4136 1104 4197 CORONA
1118 4138 1183 4190 (ἔθ’
1195 4140 1273 4206 iasio
1286 4141 1379 4208 imupa

265 4245 379 4282 coronae
400 4227 504 4282 66⁰9*
524 4228 537 4299 Η
