2948 5010
618 393 854 459 ..104-

265 562 481 644 Annosasque
503 562 586 650 uias]

268 669 454 737 Ostenditur
470 678 577 740 autem
592 689 674 737 unus
693 669 775 736 inter
799 669 935 736 circulos
959 669 1051 747 caeli,
1075 668 1132 752 qui
1147 669 1306 734 lacteus

185 785 330 858 uocatur,
356 779 443 860 quod
467 781 551 851 albis
573 780 711 847 nubibus
735 776 903 845 denotetur
925 778 1075 845 circuitus
1096 778 1183 863 eius,
1214 776 1307 861 quod

184 892 263 956 Iuno
286 889 336 953 loo
358 890 511 957 mamillis
536 891 688 959 effudisse
710 888 835 973 dicitur,
860 909 932 955 cum
954 885 1106 971 audisset,
1128 885 1310 953 Herculem

160 1009 277 1066 ⁶suum
298 994 399 1061 ¹filiurn
422 1021 488 1065 non
511 1022 592 1069 esse.
615 1000 670 1066 alii
691 997 801 1087 dicunt
815 1017 872 1083 per
887 998 1060 1063 Saturnum
1075 992 1209 1080 factum,
1234 1015 1310 1060 cunr

186 1107 327 1192 laprdem
350 1106 380 1171 ei
403 1109 469 1196 Ops
491 1132 550 1195 pro
572 1112 650 1177 Ioue
673 1107 791 1187 attulit,
822 1106 932 1171 dicens
952 1103 1015 1170 hoo
1043 1124 1116 1170 esse
1139 1103 1229 1186 quod
1253 1125 1313 1189 pe·

188 1215 334 1304 perisset.
366 1216 444 1298 quia
467 1221 508 1286 cb
532 1228 677 1288 natruam
699 1217 855 1283 Saturnus
878 1236 943 1282 non
965 1213 1126 1298 crederet,
1156 1233 1231 1279 eam
1255 1234 1313 1299 pe·

190 1325 322 1414 perisse,
345 1327 498 1396 mamillis
521 1332 615 1398 elatis
637 1327 835 1414 expressisse
857 1333 890 1393 et
911 1322 1092 1390 ostendisse
1106 1323 1232 1390 lactem
1247 1324 1315 1390 ira·

192 1444 267 1503 tarn.
293 1433 429 1501 effusum
452 1445 502 1505 est
523 1441 620 1509 lacte:
642 1439 730 1505 facta
751 1443 800 1504 est
822 1434 932 1502 circuli
953 1433 1020 1499 albi
1041 1433 1181 1517 species.

195 1661 211 1715 1
233 1663 321 1712 Germ.
341 1674 365 1712 c.
379 1666 522 1716 443-468
550 1663 564 1735 Η
596 1681 661 1732 quae
679 1670 805 1725 secantur
824 1660 863 1712 lis
881 1659 986 1723 scripto
1003 1662 1066 1707 scat
1085 1657 1114 1708 ia
1133 1664 1251 1725 utroque
1272 1675 1318 1711 co·

196 1751 253 1802 dice
273 1755 299 1801 et
316 1756 379 1799 cote
397 1764 492 1802 stersus
507 1754 658 1804 Germanici
678 1759 705 1802 et
723 1759 784 1817 post
804 1765 858 1801 eos.
877 1748 995 1814 priorem
1008 1745 1173 1810 scripturam
1186 1745 1245 1811 ΑΡ,
1265 1763 1319 1812 ρο·

197 1840 338 1890 sterterent
357 1851 398 1885 απ
417 1840 511 1888 astuci
541 1835 555 1908 Η
583 1834 1051 1900 acar.xu1rny9.r.a1rea
1079 1828 1093 1901 Η
1123 1832 1218 1882 autem
1239 1829 1319 1885 inter

199 1924 271 1980 caeli
288 1935 358 1976 unus
378 1921 426 1990 qui
443 1926 490 1975 ΔΡ
507 1922 522 1994 Η
539 1927 557 1981 3
575 1925 695 1979 nubibus
714 1942 782 1976 corr.
797 1940 832 1975 ea
849 1918 961 1974 nibib'us
980 1922 1003 1969 P
1022 1914 1034 1987 Η
1054 1919 1173 1970 uocatur
1192 1915 1317 1972 denote-

199 2018 244 2068 tur
261 2016 284 2065 Ρ
302 2009 315 2082 Η
336 2007 456 2064 cuculus
475 2014 523 2065 A?
542 2012 554 2084 Η
574 2013 592 2067 4
610 2011 653 2065 lac
674 2014 777 2062 adticis
798 2026 810 2062 ε
835 2006 848 2078 Η
873 2005 1003 2060 mamillis
1023 2023 1073 2058 om.
1093 2008 1116 2056 P
1140 2002 1153 2075 Η
1181 2001 1319 2060 effusiase

201 2107 248 2155 ΑΡ
272 2100 285 2173 Η
310 2097 528 2154 circumsedisse
547 2103 595 2152 ΑΡ
614 2096 626 2169 Η
651 2099 668 2154 5
686 2096 771 2151 filiurn
790 2111 869 2150 suum
886 2099 930 2145 Pn
955 2089 969 2163 Η
995 2107 1076 2162 opem
1095 2094 1213 2145 saturno
1232 2094 1285 2143 ΔΡ
1303 2089 1318 2165 Η

202 2189 310 2248 cumin
329 2185 452 2257 lapidem
471 2190 518 2240 ΑΡ
541 2188 554 2257 Η
584 2202 645 2257 curn
664 2182 758 2255 lapide
777 2199 851 2237 mors
870 2202 887 2233 α
914 2180 928 2250 Η
958 2195 1019 2233 cum
1043 2177 1237 2248 lapidemorso
1259 2198 1282 2232 π
1303 2178 1318 2252 Η

202 2283 219 2337 6
238 2295 299 2334 cum
312 2275 372 2346 ops
387 2274 506 2330 Saturno
520 2274 642 2347 lapidem
657 2273 816 2324 sctocboct.
837 2269 851 2340 Η
871 2285 933 2323 cum
950 2264 1074 2337 lapidem
1094 2265 1120 2319 ei
1135 2264 1197 2335 Ops
1216 2272 1320 2336 scripsi

205 2368 218 2440 Η
246 2368 300 2422 hoc
320 2368 364 2418 est
382 2366 411 2416 et
430 2362 504 2434 quod
523 2368 570 2415 ΑΡ
596 2361 609 2432 Η
638 2360 693 2413 hoo
712 2375 760 2412 eas
779 2356 872 2428 equod
896 2375 913 2408 α
943 2353 956 2425 Η
986 2354 1070 2424 iqui
1088 2356 1175 2406 ΔΡαπ
1206 2352 1219 2423 Η
1252 2354 1321 2426 quia

204 2460 301 2524 scripsi
321 2451 335 2524 Η
361 2466 442 2522 quem
461 2466 522 2505 cum
541 2469 553 2504 ε
574 2448 587 2520 Η
607 2450 764 2503 ornaturam
783 2466 799 2498 α
825 2446 837 2513 Η
866 2445 1040 2497 ornaturam
1058 2459 1080 2493 π
1106 2439 1120 2512 Η
1148 2440 1321 2497 cradederet

207 2565 223 2599 α
244 2541 258 2614 Η
276 2542 331 2596 iam
349 2536 459 2610 perisse
478 2544 525 2591 ΑΡ
544 2536 557 2610 Η
577 2540 594 2594 8
613 2536 702 2591 elatus
722 2539 768 2587 ΑΡ
791 2532 804 2604 Η
829 2531 1023 2603 expraessisae
1043 2533 1065 2580 A
1087 2528 1101 2602 Η
1121 2528 1197 2582 lacto
1216 2529 1321 2585 mirata

206 2635 271 2685 Ααπ
292 2627 305 2699 Η
325 2626 399 2681 lacte
417 2624 550 2679 mirate?
569 2625 582 2696 Η
602 2625 704 2679 lactem
722 2624 845 2677 iratame
866 2619 879 2692 Η
899 2621 915 2675 9
934 2618 1051 2674 effusum
1070 2615 1233 2691 ostensuri
1253 2617 1320 2684 (cir-

208 2720 278 2776 culis
295 2720 331 2787 Δ)
349 2716 407 2771 albi
426 2712 538 2784 species
557 2712 738 2784 (albispecias
757 2713 790 2778 Α)
810 2714 857 2763 ΑΡ
875 2708 888 2779 Η
