<?xml version="1.0" encoding="UTF-8"?>
<!DOCTYPE html PUBLIC "-//W3C//DTD XHTML 1.0 Transitional//EN"
    "http://www.w3.org/TR/xhtml1/DTD/xhtml1-transitional.dtd">
<html xmlns="http://www.w3.org/1999/xhtml" xml:lang="en" lang="en">
 <head>
  <title>
</title>
<meta http-equiv="Content-Type" content="text/html;charset=utf-8" />
  <meta name='ocr-system' content='tesseract 3.04.00' />
  <meta name='ocr-capabilities' content='ocr_page ocr_carea ocr_par ocr_line ocrx_word'/>
</head>
<body>
  <div class='ocr_page' id='page_1' title='image "./germanicicaesar00breygoog_0098.png"; bbox 0 0 2948 5010; ppageno 0'>
   <div class='ocr_carea' id='block_1_1' title="bbox 628 389 838 453">
    <p class='ocr_par' dir='ltr' id='par_1_1' title="bbox 628 389 838 453">
     <span class='ocr_line' id='line_1_1' title="bbox 628 389 838 453; baseline 0 -19"><span class='ocrx_word' id='word_1_1' title='bbox 628 389 838 453; x_wconf 64' lang='lat'>„57-</span> 
     </span>
    </p>
   </div>
   <div class='ocr_carea' id='block_1_2' title="bbox 114 542 1432 2290">
    <p class='ocr_par' dir='ltr' id='par_1_2' title="bbox 300 542 980 645">
     <span class='ocr_line' id='line_1_2' title="bbox 300 542 980 645; baseline -0.006 -20"><span class='ocrx_word' id='word_1_2' title='bbox 300 561 357 626; x_wconf 78' lang='grc' dir='ltr'>τὸν</span> <span class='ocrx_word' id='word_1_3' title='bbox 381 542 535 636; x_wconf 75' lang='lat' dir='ltr'>oride&#39;noz&#39;</span> <span class='ocrx_word' id='word_1_4' title='bbox 561 548 678 642; x_wconf 64' lang='grc' dir='ltr'><strong><em>ἄνδρες</em></strong></span> <span class='ocrx_word' id='word_1_5' title='bbox 701 552 806 639; x_wconf 74' lang='grc' dir='ltr'><strong><em>ἐῶμεν</em></strong></span> <span class='ocrx_word' id='word_1_6' title='bbox 829 550 980 645; x_wconf 68' lang='grc' dir='ltr'>ἄρρητον.</span> 
     </span>
    </p>

    <p class='ocr_par' dir='ltr' id='par_1_3' title="bbox 167 658 1322 971">
     <span class='ocr_line' id='line_1_3' title="bbox 171 658 1322 752; baseline -0.001 -19"><span class='ocrx_word' id='word_1_7' title='bbox 171 689 313 752; x_wconf 86' lang='lat' dir='ltr'>namque</span> <span class='ocrx_word' id='word_1_8' title='bbox 341 662 493 751; x_wconf 81' lang='lat' dir='ltr'>quoniam</span> <span class='ocrx_word' id='word_1_9' title='bbox 520 669 598 749; x_wconf 87' lang='lat' dir='ltr'>nihil</span> <span class='ocrx_word' id='word_1_10' title='bbox 626 665 723 731; x_wconf 91' lang='lat' dir='ltr'>aliud</span> <span class='ocrx_word' id='word_1_11' title='bbox 746 671 794 732; x_wconf 90' lang='lat' dir='ltr'>est</span> <span class='ocrx_word' id='word_1_12' title='bbox 816 689 880 731; x_wconf 84' lang='lat' dir='ltr'>uox</span> <span class='ocrx_word' id='word_1_13' title='bbox 904 689 999 749; x_wconf 90' lang='lat' dir='ltr'>quam</span> <span class='ocrx_word' id='word_1_14' title='bbox 1022 687 1192 751; x_wconf 78' lang='lat' dir='ltr'>percussus</span> <span class='ocrx_word' id='word_1_15' title='bbox 1214 688 1282 752; x_wconf 82' lang='lat' dir='ltr'>aer,</span> <span class='ocrx_word' id='word_1_16' title='bbox 1321 658 1322 661; x_wconf 28' lang='lat'>¹</span> 
     </span>
     <span class='ocr_line' id='line_1_4' title="bbox 173 776 1286 862; baseline 0 -20"><span class='ocrx_word' id='word_1_17' title='bbox 173 780 301 844; x_wconf 87' lang='lat' dir='ltr'>uidetur</span> <span class='ocrx_word' id='word_1_18' title='bbox 334 777 561 843; x_wconf 76' lang='lat' dir='ltr'>conuenienter</span> <span class='ocrx_word' id='word_1_19' title='bbox 594 776 715 862; x_wconf 76' lang='lat' dir='ltr'>dixisse</span> <span class='ocrx_word' id='word_1_20' title='bbox 749 776 1031 859; x_wconf 77' lang='lat' dir='ltr'>auctoritatemque</span> <span class='ocrx_word' id='word_1_21' title='bbox 1064 777 1111 842; x_wconf 92' lang='lat' dir='ltr'>rei</span> <span class='ocrx_word' id='word_1_22' title='bbox 1144 783 1286 860; x_wconf 81' lang='lat' dir='ltr'>praestat</span> 
     </span>
     <span class='ocr_line' id='line_1_5' title="bbox 167 873 1282 971; baseline 0 -21"><span class='ocrx_word' id='word_1_23' title='bbox 167 884 297 971; x_wconf 87' lang='lat' dir='ltr'>‘plenas</span> <span class='ocrx_word' id='word_1_24' title='bbox 323 888 402 952; x_wconf 91' lang='lat' dir='ltr'>Ioue</span> <span class='ocrx_word' id='word_1_25' title='bbox 431 883 515 954; x_wconf 81' lang='lat' dir='ltr'>uias’</span> <span class='ocrx_word' id='word_1_26' title='bbox 540 885 682 952; x_wconf 84' lang='lat' dir='ltr'>referens</span> <span class='ocrx_word' id='word_1_27' title='bbox 700 884 736 955; x_wconf 70' lang='lat' dir='ltr'>,et</span> <span class='ocrx_word' id='word_1_28' title='bbox 759 882 878 959; x_wconf 83' lang='lat' dir='ltr'>‘omnis</span> <span class='ocrx_word' id='word_1_29' title='bbox 901 887 1064 951; x_wconf 89' lang='lat' dir='ltr'>hominum</span> <span class='ocrx_word' id='word_1_30' title='bbox 1087 873 1282 950; x_wconf 73' lang='lat' dir='ltr'>conuentus?</span> 
     </span>
    </p>

    <p class='ocr_par' dir='ltr' id='par_1_4' title="bbox 114 982 1432 2290">
     <span class='ocr_line' id='line_1_6' title="bbox 114 982 1390 1081; baseline -0.003 -19"><span class='ocrx_word' id='word_1_31' title='bbox 114 1004 117 1008; x_wconf 88' lang='grc'><strong><em>’</em></strong></span> <span class='ocrx_word' id='word_1_32' title='bbox 174 997 255 1062; x_wconf 88' lang='lat' dir='ltr'>nihil</span> <span class='ocrx_word' id='word_1_33' title='bbox 277 992 387 1063; x_wconf 89' lang='lat' dir='ltr'>eorum</span> <span class='ocrx_word' id='word_1_34' title='bbox 411 1016 492 1079; x_wconf 88' lang='lat' dir='ltr'>qnae</span> <span class='ocrx_word' id='word_1_35' title='bbox 514 998 548 1060; x_wconf 92' lang='lat' dir='ltr'>in</span> <span class='ocrx_word' id='word_1_36' title='bbox 570 1002 654 1060; x_wconf 87' lang='lat' dir='ltr'>terra</span> <span class='ocrx_word' id='word_1_37' title='bbox 677 996 741 1060; x_wconf 87' lang='lat' dir='ltr'>sint</span> <span class='ocrx_word' id='word_1_38' title='bbox 763 997 841 1081; x_wconf 88' lang='lat' dir='ltr'>sine.</span> <span class='ocrx_word' id='word_1_39' title='bbox 855 1016 930 1062; x_wconf 88' lang='lat' dir='ltr'>aere</span> <span class='ocrx_word' id='word_1_40' title='bbox 953 1002 1011 1062; x_wconf 91' lang='lat' dir='ltr'>est.</span> <span class='ocrx_word' id='word_1_41' title='bbox 1046 982 1172 1060; x_wconf 78' lang='lat' dir='ltr'>ratione.</span> <span class='ocrx_word' id='word_1_42' title='bbox 1190 995 1285 1059; x_wconf 89' lang='lat' dir='ltr'>etiam</span> <span class='ocrx_word' id='word_1_43' title='bbox 1312 1015 1323 1051; x_wconf 85' lang='lat'>⁵</span> <span class='ocrx_word' id='word_1_44' title='bbox 1387 1047 1390 1052; x_wconf 96' lang='lat'>.</span> 
     </span>
     <span class='ocr_line' id='line_1_7' title="bbox 168 1103 1285 1193; baseline -0.004 -21"><span class='ocrx_word' id='word_1_45' title='bbox 168 1103 299 1172; x_wconf 78' lang='lat' dir='ltr'>‘omues</span> <span class='ocrx_word' id='word_1_46' title='bbox 312 1107 399 1193; x_wconf 86' lang='lat' dir='ltr'>Iouis¹</span> <span class='ocrx_word' id='word_1_47' title='bbox 414 1127 506 1170; x_wconf 92' lang='lat' dir='ltr'>usum</span> <span class='ocrx_word' id='word_1_48' title='bbox 523 1103 761 1171; x_wconf 70' lang='lat' dir='ltr'>desideramus?</span> <span class='ocrx_word' id='word_1_49' title='bbox 784 1128 870 1170; x_wconf 87' lang='lat' dir='ltr'>nam</span> <span class='ocrx_word' id='word_1_50' title='bbox 887 1106 990 1173; x_wconf 87' lang='lat' dir='ltr'>euneti</span> <span class='ocrx_word' id='word_1_51' title='bbox 1006 1104 1157 1183; x_wconf 85' lang='lat' dir='ltr'>mortales</span> <span class='ocrx_word' id='word_1_52' title='bbox 1173 1109 1285 1168; x_wconf 84' lang='lat' dir='ltr'>osten-</span> 
     </span>
     <span class='ocr_line' id='line_1_8' title="bbox 176 1207 1284 1298; baseline -0.004 -18"><span class='ocrx_word' id='word_1_53' title='bbox 176 1215 256 1280; x_wconf 86' lang='lat' dir='ltr'>dunt</span> <span class='ocrx_word' id='word_1_54' title='bbox 283 1235 376 1279; x_wconf 90' lang='lat' dir='ltr'>usum</span> <span class='ocrx_word' id='word_1_55' title='bbox 397 1215 560 1298; x_wconf 79' lang='lat' dir='ltr'>suspirio,</span> <span class='ocrx_word' id='word_1_56' title='bbox 590 1215 649 1281; x_wconf 91' lang='lat' dir='ltr'>sed</span> <span class='ocrx_word' id='word_1_57' title='bbox 676 1235 734 1298; x_wconf 89' lang='lat' dir='ltr'>per</span> <span class='ocrx_word' id='word_1_58' title='bbox 757 1235 851 1298; x_wconf 91' lang='lat' dir='ltr'>quem</span> <span class='ocrx_word' id='word_1_59' title='bbox 873 1215 1010 1279; x_wconf 90' lang='lat' dir='ltr'>uiuimus</span> <span class='ocrx_word' id='word_1_60' title='bbox 1032 1232 1108 1278; x_wconf 86' lang='lat' dir='ltr'>aere</span> <span class='ocrx_word' id='word_1_61' title='bbox 1130 1207 1284 1295; x_wconf 79' lang='lat' dir='ltr'>indigent.</span> 
     </span>
     <span class='ocr_line' id='line_1_9' title="bbox 175 1315 1350 1408; baseline -0.006 -20"><span class='ocrx_word' id='word_1_62' title='bbox 175 1327 230 1388; x_wconf 71' lang='lat' dir='ltr'>’rat</span> <span class='ocrx_word' id='word_1_63' title='bbox 253 1315 339 1406; x_wconf 91' lang='lat' dir='ltr'>quod</span> <span class='ocrx_word' id='word_1_64' title='bbox 365 1324 411 1388; x_wconf 88' lang='lat' dir='ltr'>ait</span> <span class='ocrx_word' id='word_1_65' title='bbox 432 1320 561 1389; x_wconf 85' lang='lat' dir='ltr'>‘dextra</span> <span class='ocrx_word' id='word_1_66' title='bbox 588 1321 741 1389; x_wconf 87' lang='lat' dir='ltr'>monstra’</span> <span class='ocrx_word' id='word_1_67' title='bbox 766 1326 808 1388; x_wconf 89' lang='lat' dir='ltr'>ad</span> <span class='ocrx_word' id='word_1_68' title='bbox 830 1325 965 1408; x_wconf 82' lang='lat' dir='ltr'>auguria</span> <span class='ocrx_word' id='word_1_69' title='bbox 986 1324 1145 1407; x_wconf 85' lang='lat' dir='ltr'>pertinent</span> <span class='ocrx_word' id='word_1_70' title='bbox 1167 1324 1285 1388; x_wconf 81' lang='lat' dir='ltr'>auium</span> <span class='ocrx_word' id='word_1_71' title='bbox 1348 1377 1350 1381; x_wconf 12' lang='grc' dir='ltr'><em>Α</em></span> 
     </span>
     <span class='ocr_line' id='line_1_10' title="bbox 175 1427 1282 1518; baseline -0.001 -20"><span class='ocrx_word' id='word_1_72' title='bbox 175 1433 412 1518; x_wconf 86' lang='lat' dir='ltr'>propterquod</span> <span class='ocrx_word' id='word_1_73' title='bbox 436 1434 585 1498; x_wconf 76' lang='lat' dir='ltr'>et&#39;Stoioi</span> <span class='ocrx_word' id='word_1_74' title='bbox 601 1434 708 1499; x_wconf 88' lang='lat' dir='ltr'>Iouem</span> <span class='ocrx_word' id='word_1_75' title='bbox 734 1453 805 1498; x_wconf 88' lang='lat' dir='ltr'>esse</span> <span class='ocrx_word' id='word_1_76' title='bbox 828 1434 1007 1510; x_wconf 85' lang='lat' dir='ltr'>adfirmant,</span> <span class='ocrx_word' id='word_1_77' title='bbox 1031 1433 1085 1514; x_wconf 90' lang='lat' dir='ltr'>qui</span> <span class='ocrx_word' id='word_1_78' title='bbox 1103 1427 1166 1515; x_wconf 69' lang='lat' dir='ltr'>&#39;per</span> <span class='ocrx_word' id='word_1_79' title='bbox 1188 1439 1282 1497; x_wconf 90' lang='lat' dir='ltr'>mate-</span> 
     </span>
     <span class='ocr_line' id='line_1_11' title="bbox 176 1532 1324 1626; baseline -0.002 -19"><span class='ocrx_word' id='word_1_80' title='bbox 176 1545 255 1609; x_wconf 87' lang='lat' dir='ltr'>riam</span> <span class='ocrx_word' id='word_1_81' title='bbox 284 1549 394 1607; x_wconf 90' lang='lat' dir='ltr'>manat</span> <span class='ocrx_word' id='word_1_82' title='bbox 427 1542 565 1626; x_wconf 86' lang='lat' dir='ltr'>spiritus.</span> <span class='ocrx_word' id='word_1_83' title='bbox 600 1548 632 1608; x_wconf 92' lang='lat' dir='ltr'>et</span> <span class='ocrx_word' id='word_1_84' title='bbox 659 1543 770 1607; x_wconf 90' lang='lat' dir='ltr'>similis</span> <span class='ocrx_word' id='word_1_85' title='bbox 798 1532 908 1607; x_wconf 84' lang='lat' dir='ltr'>nostra</span> <span class='ocrx_word' id='word_1_86' title='bbox 934 1542 1048 1606; x_wconf 85' lang='lat' dir='ltr'>anima.</span> <span class='ocrx_word' id='word_1_87' title='bbox 1101 1540 1285 1606; x_wconf 89' lang='lat' dir='ltr'>Zenodotus</span> <span class='ocrx_word' id='word_1_88' title='bbox 1302 1561 1324 1597; x_wconf 82' lang='grc' dir='ltr'>ιο</span> 
     </span>
     <span class='ocr_line' id='line_1_12' title="bbox 175 1641 1285 1723; baseline -0.005 -4"><span class='ocrx_word' id='word_1_89' title='bbox 175 1654 308 1720; x_wconf 82' lang='lat' dir='ltr'>Aetolus</span> <span class='ocrx_word' id='word_1_90' title='bbox 336 1659 368 1717; x_wconf 93' lang='lat' dir='ltr'>et</span> <span class='ocrx_word' id='word_1_91' title='bbox 394 1651 557 1716; x_wconf 86' lang='lat' dir='ltr'>Diodorus</span> <span class='ocrx_word' id='word_1_92' title='bbox 585 1650 674 1715; x_wconf 87' lang='lat' dir='ltr'>aiunt</span> <span class='ocrx_word' id='word_1_93' title='bbox 699 1672 759 1716; x_wconf 89' lang='lat' dir='ltr'>nee</span> <span class='ocrx_word' id='word_1_94' title='bbox 786 1650 935 1716; x_wconf 89' lang='lat' dir='ltr'>fabuloso</span> <span class='ocrx_word' id='word_1_95' title='bbox 962 1651 1032 1715; x_wconf 93' lang='lat' dir='ltr'>Ioui</span> <span class='ocrx_word' id='word_1_96' title='bbox 1060 1641 1187 1723; x_wconf 78' lang='lat' dir='ltr'>officere</span> <span class='ocrx_word' id='word_1_97' title='bbox 1217 1650 1285 1714; x_wconf 89' lang='lat' dir='ltr'>eius</span> 
     </span>
     <span class='ocr_line' id='line_1_13' title="bbox 178 1753 1284 1845; baseline -0.003 -19"><span class='ocrx_word' id='word_1_98' title='bbox 178 1762 267 1828; x_wconf 91' lang='lat' dir='ltr'>modi</span> <span class='ocrx_word' id='word_1_99' title='bbox 289 1762 502 1845; x_wconf 90' lang='lat' dir='ltr'>oppinionem.</span> <span class='ocrx_word' id='word_1_100' title='bbox 538 1753 715 1827; x_wconf 42' lang='lat' dir='ltr'>esse&#39;enim</span> <span class='ocrx_word' id='word_1_101' title='bbox 739 1763 851 1825; x_wconf 74' lang='lat' dir='ltr'>italem</span> <span class='ocrx_word' id='word_1_102' title='bbox 875 1782 1003 1826; x_wconf 87' lang='lat' dir='ltr'>eausam</span> <span class='ocrx_word' id='word_1_103' title='bbox 1024 1762 1134 1825; x_wconf 88' lang='lat' dir='ltr'>Iouem</span> <span class='ocrx_word' id='word_1_104' title='bbox 1157 1763 1188 1823; x_wconf 87' lang='lat' dir='ltr'>et</span> <span class='ocrx_word' id='word_1_105' title='bbox 1211 1779 1284 1823; x_wconf 89' lang='lat' dir='ltr'>oon-</span> 
     </span>
     <span class='ocr_line' id='line_1_14' title="bbox 177 1859 1283 1955; baseline -0.003 -19"><span class='ocrx_word' id='word_1_106' title='bbox 177 1871 287 1936; x_wconf 90' lang='lat' dir='ltr'>uenire</span> <span class='ocrx_word' id='word_1_107' title='bbox 315 1891 425 1935; x_wconf 91' lang='lat' dir='ltr'>omnes</span> <span class='ocrx_word' id='word_1_108' title='bbox 453 1871 522 1935; x_wconf 87' lang='lat' dir='ltr'>uias</span> <span class='ocrx_word' id='word_1_109' title='bbox 550 1890 587 1935; x_wconf 91' lang='lat' dir='ltr'>eo</span> <span class='ocrx_word' id='word_1_110' title='bbox 619 1859 794 1948; x_wconf 75' lang='lat' dir='ltr'>molestas,</span> <span class='ocrx_word' id='word_1_111' title='bbox 824 1892 904 1952; x_wconf 86' lang='lat' dir='ltr'>quas</span> <span class='ocrx_word' id='word_1_112' title='bbox 925 1878 1087 1952; x_wconf 90' lang='lat' dir='ltr'>tamquam</span> <span class='ocrx_word' id='word_1_113' title='bbox 1105 1871 1185 1955; x_wconf 32' lang='lat' dir='ltr'>‚loeo</span> <span class='ocrx_word' id='word_1_114' title='bbox 1215 1868 1283 1933; x_wconf 84' lang='lat' dir='ltr'>eius</span> 
     </span>
     <span class='ocr_line' id='line_1_15' title="bbox 174 1964 1432 2068; baseline -0.002 -24"><span class='ocrx_word' id='word_1_115' title='bbox 174 1980 335 2046; x_wconf 77' lang='lat' dir='ltr'>deseribit</span> <span class='ocrx_word' id='word_1_116' title='bbox 386 1979 523 2064; x_wconf 82' lang='lat' dir='ltr'>dieendo</span> <span class='ocrx_word' id='word_1_117' title='bbox 551 1987 658 2057; x_wconf 88' lang='lat' dir='ltr'>autem</span> <span class='ocrx_word' id='word_1_118' title='bbox 681 1964 755 2044; x_wconf 82' lang='lat' dir='ltr'>‘nos</span> <span class='ocrx_word' id='word_1_119' title='bbox 783 1981 878 2044; x_wconf 90' lang='lat' dir='ltr'>etiam</span> <span class='ocrx_word' id='word_1_120' title='bbox 907 2001 1009 2062; x_wconf 85' lang='lat' dir='ltr'>genus</span> <span class='ocrx_word' id='word_1_121' title='bbox 1032 1976 1114 2064; x_wconf 87' lang='lat' dir='ltr'>eius&#39;</span> <span class='ocrx_word' id='word_1_122' title='bbox 1147 1978 1285 2044; x_wconf 86' lang='lat' dir='ltr'>ostendit</span> <span class='ocrx_word' id='word_1_123' title='bbox 1400 2061 1432 2068; x_wconf 6' lang='grc' dir='ltr'>,ἡ</span> 
     </span>
     <span class='ocr_line' id='line_1_16' title="bbox 174 2074 1323 2180; baseline -0.004 -26"><span class='ocrx_word' id='word_1_124' title='bbox 174 2089 300 2154; x_wconf 84' lang='lat' dir='ltr'>animae</span> <span class='ocrx_word' id='word_1_125' title='bbox 327 2087 594 2153; x_wconf 89' lang='lat' dir='ltr'>inmortalitatem.</span> <span class='ocrx_word' id='word_1_126' title='bbox 644 2090 725 2154; x_wconf 91' lang='lat' dir='ltr'>bene</span> <span class='ocrx_word' id='word_1_127' title='bbox 764 2074 927 2172; x_wconf 80' lang='lat' dir='ltr'>praeterea</span> <span class='ocrx_word' id='word_1_128' title='bbox 958 2089 1045 2172; x_wconf 93' lang='lat' dir='ltr'>quod</span> <span class='ocrx_word' id='word_1_129' title='bbox 1074 2083 1206 2180; x_wconf 82' lang='lat' dir='ltr'>‘lenem&#39;</span> <span class='ocrx_word' id='word_1_130' title='bbox 1232 2088 1284 2156; x_wconf 85' lang='lat' dir='ltr'>ait,</span> <span class='ocrx_word' id='word_1_131' title='bbox 1302 2113 1323 2149; x_wconf 70' lang='lat' dir='ltr'>ns</span> 
     </span>
     <span class='ocr_line' id='line_1_17' title="bbox 175 2182 1398 2290; baseline -0.002 -27"><span class='ocrx_word' id='word_1_132' title='bbox 175 2205 309 2264; x_wconf 90' lang='lat' dir='ltr'>nouerat</span> <span class='ocrx_word' id='word_1_133' title='bbox 332 2197 415 2262; x_wconf 89' lang='lat' dir='ltr'>enim</span> <span class='ocrx_word' id='word_1_134' title='bbox 438 2196 545 2261; x_wconf 83' lang='lat' dir='ltr'>uirtuti</span> <span class='ocrx_word' id='word_1_135' title='bbox 562 2198 685 2280; x_wconf 88' lang='lat' dir='ltr'>aliquid</span> <span class='ocrx_word' id='word_1_136' title='bbox 707 2200 867 2262; x_wconf 86' lang='lat' dir='ltr'>aemulum</span> <span class='ocrx_word' id='word_1_137' title='bbox 883 2200 1031 2281; x_wconf 82' lang='lat' dir='ltr'>futurum,</span> <span class='ocrx_word' id='word_1_138' title='bbox 1050 2193 1286 2290; x_wconf 79' lang='lat' dir='ltr'>‘deum&#39;igitur</span> <span class='ocrx_word' id='word_1_139' title='bbox 1396 2182 1398 2185; x_wconf 31' lang='lat'>⁵</span> 
     </span>
    </p>
   </div>
   <div class='ocr_carea' id='block_1_3' title="bbox 176 2387 1284 2474">
    <p class='ocr_par' dir='ltr' id='par_1_5' title="bbox 176 2387 1284 2474">
     <span class='ocr_line' id='line_1_18' title="bbox 176 2387 1284 2474; baseline -0.002 -11"><span class='ocrx_word' id='word_1_140' title='bbox 176 2410 191 2463; x_wconf 92' lang='lat'>1</span> <span class='ocrx_word' id='word_1_141' title='bbox 209 2411 289 2460; x_wconf 58' lang='lat' dir='ltr'>Apta</span> <span class='ocrx_word' id='word_1_142' title='bbox 306 2411 358 2458; x_wconf 68' lang='lat' dir='ltr'>aa</span> <span class='ocrx_word' id='word_1_143' title='bbox 378 2401 391 2473; x_wconf 86' lang='grc' dir='ltr'>Η</span> <span class='ocrx_word' id='word_1_144' title='bbox 414 2399 620 2470; x_wconf 77' lang='lat' dir='ltr'>rouorlue</span> <span class='ocrx_word' id='word_1_145' title='bbox 637 2387 1241 2474; x_wconf 66' lang='grc' dir='ltr'>ηοΗτΑΗΝΑΝΑΗΡεεεωΜέΑΡΡιτοΝ</span> <span class='ocrx_word' id='word_1_146' title='bbox 1261 2412 1284 2461; x_wconf 75' lang='lat' dir='ltr'>r</span> 
     </span>
    </p>
   </div>
   <div class='ocr_carea' id='block_1_4' title="bbox 175 2486 1286 2577">
    <p class='ocr_par' dir='ltr' id='par_1_6' title="bbox 175 2486 1286 2577">
     <span class='ocr_line' id='line_1_19' title="bbox 175 2486 1286 2577; baseline -0.004 -12"><span class='ocrx_word' id='word_1_147' title='bbox 175 2486 918 2570; x_wconf 61' lang='lat' dir='ltr'>sonorus·nolrunseereone‘uemrou</span> <span class='ocrx_word' id='word_1_148' title='bbox 940 2506 993 2577; x_wconf 76' lang='lat' dir='ltr'>op</span> <span class='ocrx_word' id='word_1_149' title='bbox 1013 2511 1046 2573; x_wconf 72' lang='lat' dir='ltr'>u.</span> <span class='ocrx_word' id='word_1_150' title='bbox 1060 2511 1138 2560; x_wconf 66' lang='lat' dir='ltr'>urar.</span> <span class='ocrx_word' id='word_1_151' title='bbox 1152 2510 1193 2559; x_wconf 69' lang='lat' dir='ltr'>eu.</span> <span class='ocrx_word' id='word_1_152' title='bbox 1206 2506 1286 2561; x_wconf 60' lang='lat' dir='ltr'>eurr.</span> 
     </span>
    </p>
   </div>
   <div class='ocr_carea' id='block_1_5' title="bbox 128 2597 1402 4252">
    <p class='ocr_par' dir='ltr' id='par_1_7' title="bbox 173 2597 1402 3296">
     <span class='ocr_line' id='line_1_20' title="bbox 174 2597 1286 2673; baseline -0.004 -17"><span class='ocrx_word' id='word_1_153' title='bbox 174 2597 258 2672; x_wconf 66' lang='lat' dir='ltr'>pne,</span> <span class='ocrx_word' id='word_1_154' title='bbox 276 2611 307 2654; x_wconf 72' lang='lat'>14</span> <span class='ocrx_word' id='word_1_155' title='bbox 326 2599 339 2670; x_wconf 93' lang='grc' dir='ltr'>Η</span> <span class='ocrx_word' id='word_1_156' title='bbox 359 2602 377 2655; x_wconf 77' lang='grc'>2</span> <span class='ocrx_word' id='word_1_157' title='bbox 396 2617 451 2654; x_wconf 86' lang='lat' dir='ltr'>nox</span> <span class='ocrx_word' id='word_1_158' title='bbox 471 2608 524 2671; x_wconf 79' lang='lat' dir='ltr'>qno</span> <span class='ocrx_word' id='word_1_159' title='bbox 546 2606 565 2654; x_wconf 81' lang='grc' dir='ltr'><em>Α</em></span> <span class='ocrx_word' id='word_1_160' title='bbox 590 2597 644 2673; x_wconf 88' lang='grc' dir='ltr'>Η3</span> <span class='ocrx_word' id='word_1_161' title='bbox 663 2605 722 2657; x_wconf 88' lang='lat' dir='ltr'>neri</span> <span class='ocrx_word' id='word_1_162' title='bbox 741 2623 752 2656; x_wconf 79' lang='grc' dir='ltr'><em>ε</em></span> <span class='ocrx_word' id='word_1_163' title='bbox 774 2602 786 2673; x_wconf 97' lang='grc' dir='ltr'>Η</span> <span class='ocrx_word' id='word_1_164' title='bbox 807 2606 915 2673; x_wconf 86' lang='lat' dir='ltr'>prestat</span> <span class='ocrx_word' id='word_1_165' title='bbox 933 2605 981 2652; x_wconf 80' lang='grc' dir='ltr'>ΑΡ</span> <span class='ocrx_word' id='word_1_166' title='bbox 1004 2598 1018 2670; x_wconf 93' lang='grc' dir='ltr'>Η</span> <span class='ocrx_word' id='word_1_167' title='bbox 1040 2601 1111 2668; x_wconf 69' lang='lat' dir='ltr'>def.</span> <span class='ocrx_word' id='word_1_168' title='bbox 1131 2604 1211 2653; x_wconf 71' lang='lat' dir='ltr'>Arar.</span> <span class='ocrx_word' id='word_1_169' title='bbox 1230 2606 1286 2653; x_wconf 68' lang='lat' dir='ltr'>m</span> 
     </span>
     <span class='ocr_line' id='line_1_21' title="bbox 173 2677 1284 2760; baseline -0.005 -17"><span class='ocrx_word' id='word_1_170' title='bbox 173 2691 274 2760; x_wconf 76' lang='grc' dir='ltr'><em>μεσταὶ</em></span> <span class='ocrx_word' id='word_1_171' title='bbox 293 2688 324 2741; x_wconf 70' lang='lat' dir='ltr'>dt</span> <span class='ocrx_word' id='word_1_172' title='bbox 332 2685 405 2746; x_wconf 77' lang='grc' dir='ltr'><em>’Διὸς</em></span> <span class='ocrx_word' id='word_1_173' title='bbox 424 2689 512 2739; x_wconf 79' lang='grc' dir='ltr'><strong><em>πᾶσαι</em></strong></span> <span class='ocrx_word' id='word_1_174' title='bbox 530 2689 585 2758; x_wconf 73' lang='grc' dir='ltr'>μὲν</span> <span class='ocrx_word' id='word_1_175' title='bbox 604 2687 708 2758; x_wconf 75' lang='grc' dir='ltr'><em>ἀγυιαί,</em></span> <span class='ocrx_word' id='word_1_176' title='bbox 729 2693 817 2742; x_wconf 78' lang='grc' dir='ltr'>πᾶσαι</span> <span class='ocrx_word' id='word_1_177' title='bbox 837 2687 860 2741; x_wconf 72' lang='lat' dir='ltr'>d</span> <span class='ocrx_word' id='word_1_178' title='bbox 881 2685 1040 2755; x_wconf 73' lang='grc' dir='ltr'>ἀνθρώπων</span> <span class='ocrx_word' id='word_1_179' title='bbox 1059 2685 1162 2756; x_wconf 76' lang='grc' dir='ltr'><em>ἀγοραί</em></span> <span class='ocrx_word' id='word_1_180' title='bbox 1179 2683 1230 2755; x_wconf 66' lang='lat' dir='ltr'>pf,</span> <span class='ocrx_word' id='word_1_181' title='bbox 1242 2677 1284 2738; x_wconf 88' lang='lat' dir='ltr'>ra·</span> 
     </span>
     <span class='ocr_line' id='line_1_22' title="bbox 173 2771 1284 2871; baseline -0.006 -22"><span class='ocrx_word' id='word_1_182' title='bbox 173 2794 245 2849; x_wconf 87' lang='lat' dir='ltr'>tioni</span> <span class='ocrx_word' id='word_1_183' title='bbox 264 2796 311 2844; x_wconf 83' lang='grc' dir='ltr'>ΑΡ</span> <span class='ocrx_word' id='word_1_184' title='bbox 330 2790 344 2862; x_wconf 95' lang='grc' dir='ltr'>Η</span> <span class='ocrx_word' id='word_1_185' title='bbox 364 2793 381 2845; x_wconf 89' lang='grc'><strong>6</strong></span> <span class='ocrx_word' id='word_1_186' title='bbox 400 2807 496 2845; x_wconf 88' lang='lat' dir='ltr'>omnes</span> <span class='ocrx_word' id='word_1_187' title='bbox 517 2793 595 2846; x_wconf 88' lang='lat' dir='ltr'>euius</span> <span class='ocrx_word' id='word_1_188' title='bbox 615 2810 695 2846; x_wconf 89' lang='lat' dir='ltr'>usum</span> <span class='ocrx_word' id='word_1_189' title='bbox 714 2798 735 2845; x_wconf 83' lang='lat' dir='ltr'><em>A</em></span> <span class='ocrx_word' id='word_1_190' title='bbox 757 2793 769 2863; x_wconf 99' lang='grc' dir='ltr'>Η</span> <span class='ocrx_word' id='word_1_191' title='bbox 789 2771 869 2871; x_wconf 70' lang='lat' dir='ltr'>¹deuius</span> <span class='ocrx_word' id='word_1_192' title='bbox 890 2791 985 2846; x_wconf 79' lang='lat' dir='ltr'>dmnes</span> <span class='ocrx_word' id='word_1_193' title='bbox 1003 2789 1081 2844; x_wconf 84' lang='lat' dir='ltr'>deum</span> <span class='ocrx_word' id='word_1_194' title='bbox 1107 2796 1127 2841; x_wconf 82' lang='lat' dir='ltr'><em>P</em></span> <span class='ocrx_word' id='word_1_195' title='bbox 1153 2788 1165 2860; x_wconf 96' lang='grc' dir='ltr'>Η</span> <span class='ocrx_word' id='word_1_196' title='bbox 1196 2791 1284 2843; x_wconf 87' lang='lat' dir='ltr'>omnis</span> 
     </span>
     <span class='ocr_line' id='line_1_23' title="bbox 174 2873 1286 2952; baseline -0.006 -17"><span class='ocrx_word' id='word_1_197' title='bbox 174 2901 186 2935; x_wconf 85' lang='grc' dir='ltr'><strong><em>ε</em></strong></span> <span class='ocrx_word' id='word_1_198' title='bbox 208 2880 222 2952; x_wconf 94' lang='grc' dir='ltr'>Η</span> <span class='ocrx_word' id='word_1_199' title='bbox 242 2879 319 2934; x_wconf 84' lang='lat' dir='ltr'>Iouis</span> <span class='ocrx_word' id='word_1_200' title='bbox 338 2882 442 2944; x_wconf 80' lang='lat' dir='ltr'>scripsi.</span> <span class='ocrx_word' id='word_1_201' title='bbox 457 2883 492 2946; x_wconf 71' lang='lat' dir='ltr'>cf.</span> <span class='ocrx_word' id='word_1_202' title='bbox 509 2883 586 2932; x_wconf 78' lang='lat' dir='ltr'>Aret.</span> <span class='ocrx_word' id='word_1_203' title='bbox 599 2880 618 2934; x_wconf 85' lang='lat'>4</span> <span class='ocrx_word' id='word_1_204' title='bbox 636 2877 724 2952; x_wconf 73' lang='grc' dir='ltr'><em>πάντῃ</em></span> <span class='ocrx_word' id='word_1_205' title='bbox 739 2882 768 2932; x_wconf 79' lang='grc' dir='ltr'>δὲ</span> <span class='ocrx_word' id='word_1_206' title='bbox 783 2880 850 2938; x_wconf 87' lang='grc' dir='ltr'><strong><em>Διὸς</em></strong></span> <span class='ocrx_word' id='word_1_207' title='bbox 864 2878 1020 2948; x_wconf 61' lang='grc' dir='ltr'><strong><em>κεχρήμεθα</em></strong></span> <span class='ocrx_word' id='word_1_208' title='bbox 1034 2873 1133 2934; x_wconf 77' lang='grc' dir='ltr'><em>πάντες</em></span> <span class='ocrx_word' id='word_1_209' title='bbox 1152 2874 1165 2947; x_wconf 95' lang='grc' dir='ltr'>Η</span> <span class='ocrx_word' id='word_1_210' title='bbox 1176 2880 1286 2929; x_wconf 69' lang='lat' dir='ltr'>&#39;cuncta</span> 
     </span>
     <span class='ocr_line' id='line_1_24' title="bbox 173 2953 1284 3039; baseline -0.005 -18"><span class='ocrx_word' id='word_1_211' title='bbox 173 2972 196 3021; x_wconf 78' lang='grc' dir='ltr'><em>Α</em></span> <span class='ocrx_word' id='word_1_212' title='bbox 219 2966 232 3038; x_wconf 96' lang='grc' dir='ltr'>Η</span> <span class='ocrx_word' id='word_1_213' title='bbox 253 2981 323 3020; x_wconf 88' lang='lat' dir='ltr'>enne</span> <span class='ocrx_word' id='word_1_214' title='bbox 395 2964 527 3019; x_wconf 75' lang='lat' dir='ltr'>mortales</span> <span class='ocrx_word' id='word_1_215' title='bbox 543 2973 563 3017; x_wconf 79' lang='grc' dir='ltr'><em>Ρ</em></span> <span class='ocrx_word' id='word_1_216' title='bbox 583 2964 595 3036; x_wconf 95' lang='grc' dir='ltr'>Η</span> <span class='ocrx_word' id='word_1_217' title='bbox 617 2968 632 3021; x_wconf 82' lang='grc'>7</span> <span class='ocrx_word' id='word_1_218' title='bbox 651 2966 751 3037; x_wconf 87' lang='lat' dir='ltr'>sedq:‚</span> <span class='ocrx_word' id='word_1_219' title='bbox 770 2953 789 3038; x_wconf 75' lang='lat' dir='ltr'>p</span> <span class='ocrx_word' id='word_1_220' title='bbox 808 2967 962 3026; x_wconf 78' lang='lat' dir='ltr'>uiuimusA</span> <span class='ocrx_word' id='word_1_221' title='bbox 984 2963 997 3036; x_wconf 95' lang='grc' dir='ltr'>Η</span> <span class='ocrx_word' id='word_1_222' title='bbox 1017 2964 1067 3039; x_wconf 81' lang='lat' dir='ltr'>sed</span> <span class='ocrx_word' id='word_1_223' title='bbox 1085 2981 1104 3034; x_wconf 81' lang='lat' dir='ltr'>p</span> <span class='ocrx_word' id='word_1_224' title='bbox 1125 2980 1195 3033; x_wconf 89' lang='lat' dir='ltr'>qnae</span> <span class='ocrx_word' id='word_1_225' title='bbox 1215 2964 1284 3017; x_wconf 87' lang='lat' dir='ltr'>uiui·</span> 
     </span>
     <span class='ocr_line' id='line_1_25' title="bbox 173 3048 1367 3125; baseline -0.005 -17"><span class='ocrx_word' id='word_1_226' title='bbox 173 3070 235 3115; x_wconf 88' lang='lat' dir='ltr'>mus</span> <span class='ocrx_word' id='word_1_227' title='bbox 257 3059 278 3106; x_wconf 79' lang='grc' dir='ltr'><em>Ρ</em></span> <span class='ocrx_word' id='word_1_228' title='bbox 294 3051 309 3123; x_wconf 94' lang='grc' dir='ltr'>Η</span> <span class='ocrx_word' id='word_1_229' title='bbox 328 3051 448 3121; x_wconf 86' lang='lat' dir='ltr'>sedper</span> <span class='ocrx_word' id='word_1_230' title='bbox 466 3067 546 3120; x_wconf 89' lang='lat' dir='ltr'>quem</span> <span class='ocrx_word' id='word_1_231' title='bbox 559 3057 655 3119; x_wconf 76' lang='lat' dir='ltr'>scripsi</span> <span class='ocrx_word' id='word_1_232' title='bbox 676 3051 689 3123; x_wconf 93' lang='grc' dir='ltr'>Η</span> <span class='ocrx_word' id='word_1_233' title='bbox 710 3057 727 3110; x_wconf 91' lang='lat'>8</span> <span class='ocrx_word' id='word_1_234' title='bbox 746 3054 781 3107; x_wconf 89' lang='lat' dir='ltr'>ad</span> <span class='ocrx_word' id='word_1_235' title='bbox 795 3058 842 3105; x_wconf 84' lang='grc' dir='ltr'>ΔΡ</span> <span class='ocrx_word' id='word_1_236' title='bbox 860 3051 874 3125; x_wconf 96' lang='grc' dir='ltr'>Η</span> <span class='ocrx_word' id='word_1_237' title='bbox 894 3051 1041 3105; x_wconf 74' lang='lat' dir='ltr'>adauriarl</span> <span class='ocrx_word' id='word_1_238' title='bbox 1065 3048 1079 3120; x_wconf 96' lang='grc' dir='ltr'>Η</span> <span class='ocrx_word' id='word_1_239' title='bbox 1098 3051 1140 3105; x_wconf 89' lang='lat' dir='ltr'>At</span> <span class='ocrx_word' id='word_1_240' title='bbox 1153 3051 1226 3121; x_wconf 82' lang='lat' dir='ltr'>quod</span> <span class='ocrx_word' id='word_1_241' title='bbox 1247 3052 1287 3105; x_wconf 87' lang='lat' dir='ltr'>ait</span> <span class='ocrx_word' id='word_1_242' title='bbox 1364 3097 1367 3102; x_wconf 88' lang='lat'><em>.</em></span> 
     </span>
     <span class='ocr_line' id='line_1_26' title="bbox 175 3129 1402 3210; baseline -0.004 -16"><span class='ocrx_word' id='word_1_243' title='bbox 175 3141 284 3208; x_wconf 59' lang='lat' dir='ltr'>‘dentre</span> <span class='ocrx_word' id='word_1_244' title='bbox 295 3139 439 3193; x_wconf 84' lang='lat' dir='ltr'>monstret’</span> <span class='ocrx_word' id='word_1_245' title='bbox 457 3138 493 3204; x_wconf 80' lang='lat' dir='ltr'>ad</span> <span class='ocrx_word' id='word_1_246' title='bbox 509 3139 624 3207; x_wconf 79' lang='lat' dir='ltr'>auguria</span> <span class='ocrx_word' id='word_1_247' title='bbox 636 3141 759 3210; x_wconf 86' lang='lat' dir='ltr'>pertinet</span> <span class='ocrx_word' id='word_1_248' title='bbox 772 3141 862 3194; x_wconf 86' lang='lat' dir='ltr'>auium</span> <span class='ocrx_word' id='word_1_249' title='bbox 880 3129 994 3192; x_wconf 70' lang='lat' dir='ltr'>Vrtmus</span> <span class='ocrx_word' id='word_1_250' title='bbox 1013 3143 1047 3206; x_wconf 76' lang='lat' dir='ltr'>of.</span> <span class='ocrx_word' id='word_1_251' title='bbox 1062 3143 1139 3193; x_wconf 74' lang='lat' dir='ltr'>Aret.</span> <span class='ocrx_word' id='word_1_252' title='bbox 1153 3141 1285 3192; x_wconf 67' lang='lat' dir='ltr'>ert-Bell.</span> <span class='ocrx_word' id='word_1_253' title='bbox 1399 3143 1402 3150; x_wconf 91' lang='lat'>&#39;</span> 
     </span>
     <span class='ocr_line' id='line_1_27' title="bbox 174 3226 1285 3296; baseline 0 -16"><span class='ocrx_word' id='word_1_254' title='bbox 174 3249 202 3296; x_wconf 81' lang='lat' dir='ltr'>p.</span> <span class='ocrx_word' id='word_1_255' title='bbox 212 3235 256 3292; x_wconf 77' lang='lat'>49,</span> <span class='ocrx_word' id='word_1_256' title='bbox 267 3235 303 3278; x_wconf 67' lang='grc' dir='ltr'><em>Μ</em></span> <span class='ocrx_word' id='word_1_257' title='bbox 316 3227 329 3294; x_wconf 91' lang='grc' dir='ltr'>Η</span> <span class='ocrx_word' id='word_1_258' title='bbox 349 3229 432 3279; x_wconf 82' lang='lat' dir='ltr'>uerbo</span> <span class='ocrx_word' id='word_1_259' title='bbox 442 3226 595 3279; x_wconf 80' lang='lat' dir='ltr'>-et-anium</span> <span class='ocrx_word' id='word_1_260' title='bbox 615 3232 703 3280; x_wconf 80' lang='lat' dir='ltr'>olieoo</span> <span class='ocrx_word' id='word_1_261' title='bbox 724 3232 781 3279; x_wconf 83' lang='lat' dir='ltr'>loco</span> <span class='ocrx_word' id='word_1_262' title='bbox 796 3238 871 3279; x_wconf 74' lang='lat' dir='ltr'>storo</span> <span class='ocrx_word' id='word_1_263' title='bbox 890 3229 958 3277; x_wconf 71' lang='lat' dir='ltr'>oum</span> <span class='ocrx_word' id='word_1_264' title='bbox 973 3230 1074 3278; x_wconf 77' lang='lat' dir='ltr'>Pareae</span> <span class='ocrx_word' id='word_1_265' title='bbox 1092 3230 1120 3278; x_wconf 84' lang='lat' dir='ltr'>iu</span> <span class='ocrx_word' id='word_1_266' title='bbox 1139 3229 1211 3277; x_wconf 80' lang='lat' dir='ltr'>uotis</span> <span class='ocrx_word' id='word_1_267' title='bbox 1223 3245 1285 3290; x_wconf 79' lang='lat' dir='ltr'>mse.</span> 
     </span>
    </p>

    <p class='ocr_par' dir='ltr' id='par_1_8' title="bbox 174 3310 1284 3382">
     <span class='ocr_line' id='line_1_28' title="bbox 174 3310 1284 3382; baseline 0 -16"><span class='ocrx_word' id='word_1_268' title='bbox 174 3320 203 3367; x_wconf 76' lang='lat' dir='ltr'>ia</span> <span class='ocrx_word' id='word_1_269' title='bbox 225 3318 376 3366; x_wconf 67' lang='lat' dir='ltr'>Germanici</span> <span class='ocrx_word' id='word_1_270' title='bbox 395 3319 462 3382; x_wconf 85' lang='lat' dir='ltr'>Imp.</span> <span class='ocrx_word' id='word_1_271' title='bbox 482 3317 585 3367; x_wconf 77' lang='lat' dir='ltr'>Aratea</span> <span class='ocrx_word' id='word_1_272' title='bbox 605 3326 630 3368; x_wconf 84' lang='lat' dir='ltr'>et</span> <span class='ocrx_word' id='word_1_273' title='bbox 650 3320 724 3382; x_wconf 66' lang='lat' dir='ltr'>inpio</span> <span class='ocrx_word' id='word_1_274' title='bbox 743 3329 803 3382; x_wconf 84' lang='lat' dir='ltr'>post</span> <span class='ocrx_word' id='word_1_275' title='bbox 830 3310 1057 3366; x_wconf 81' lang='lat' dir='ltr'>inmortalitatem</span> <span class='ocrx_word' id='word_1_276' title='bbox 1079 3316 1204 3380; x_wconf 70' lang='lat' dir='ltr'>posterula</span> <span class='ocrx_word' id='word_1_277' title='bbox 1228 3331 1284 3366; x_wconf 83' lang='lat' dir='ltr'>esse</span> 
     </span>
    </p>

    <p class='ocr_par' dir='ltr' id='par_1_9' title="bbox 128 3388 1338 3993">
     <span class='ocr_line' id='line_1_29' title="bbox 128 3388 1338 3470; baseline -0.003 -16"><span class='ocrx_word' id='word_1_278' title='bbox 128 3388 133 3393; x_wconf 75' lang='lat'>,</span> <span class='ocrx_word' id='word_1_279' title='bbox 175 3405 276 3454; x_wconf 66' lang='lat' dir='ltr'>cenarit</span> <span class='ocrx_word' id='word_1_280' title='bbox 296 3404 331 3467; x_wconf 73' lang='lat' dir='ltr'>cf.</span> <span class='ocrx_word' id='word_1_281' title='bbox 351 3405 382 3452; x_wconf 81' lang='lat' dir='ltr'>de</span> <span class='ocrx_word' id='word_1_282' title='bbox 402 3407 430 3454; x_wconf 83' lang='grc' dir='ltr'>Ρ.</span> <span class='ocrx_word' id='word_1_283' title='bbox 451 3404 556 3468; x_wconf 79' lang='lat' dir='ltr'>Nipidii</span> <span class='ocrx_word' id='word_1_284' title='bbox 575 3407 664 3470; x_wconf 75' lang='lat' dir='ltr'>Fipolt</span> <span class='ocrx_word' id='word_1_285' title='bbox 684 3407 778 3470; x_wconf 69' lang='lat' dir='ltr'>freyen.</span> <span class='ocrx_word' id='word_1_286' title='bbox 797 3421 822 3468; x_wconf 86' lang='lat' dir='ltr'>p.</span> <span class='ocrx_word' id='word_1_287' title='bbox 837 3409 869 3452; x_wconf 87' lang='lat'>10</span> <span class='ocrx_word' id='word_1_288' title='bbox 882 3419 920 3469; x_wconf 74' lang='lat' dir='ltr'>sq.</span> <span class='ocrx_word' id='word_1_289' title='bbox 945 3397 959 3469; x_wconf 95' lang='grc' dir='ltr'>Η</span> <span class='ocrx_word' id='word_1_290' title='bbox 986 3401 1020 3455; x_wconf 90' lang='grc'>10</span> <span class='ocrx_word' id='word_1_291' title='bbox 1037 3398 1245 3452; x_wconf 80' lang='lat' dir='ltr'>NenodotnsP</span> <span class='ocrx_word' id='word_1_292' title='bbox 1270 3398 1283 3469; x_wconf 97' lang='grc' dir='ltr'>Η</span> <span class='ocrx_word' id='word_1_293' title='bbox 1336 3404 1338 3408; x_wconf 83' lang='grc'><strong>’</strong></span> 
     </span>
     <span class='ocr_line' id='line_1_30' title="bbox 174 3479 1284 3556; baseline -0.003 -15"><span class='ocrx_word' id='word_1_294' title='bbox 174 3488 207 3542; x_wconf 94' lang='lat' dir='ltr'>ll</span> <span class='ocrx_word' id='word_1_295' title='bbox 227 3486 337 3541; x_wconf 74' lang='lat' dir='ltr'>eotolus</span> <span class='ocrx_word' id='word_1_296' title='bbox 356 3490 404 3538; x_wconf 77' lang='grc' dir='ltr'>ΔΡ</span> <span class='ocrx_word' id='word_1_297' title='bbox 422 3484 434 3556; x_wconf 96' lang='grc' dir='ltr'>Η</span> <span class='ocrx_word' id='word_1_298' title='bbox 455 3491 489 3555; x_wconf 70' lang='grc' dir='ltr'>σί.</span> <span class='ocrx_word' id='word_1_299' title='bbox 509 3492 540 3542; x_wconf 84' lang='lat' dir='ltr'>de</span> <span class='ocrx_word' id='word_1_300' title='bbox 562 3493 589 3541; x_wconf 88' lang='lat' dir='ltr'>P.</span> <span class='ocrx_word' id='word_1_301' title='bbox 604 3493 712 3556; x_wconf 77' lang='lat' dir='ltr'>Nipidii</span> <span class='ocrx_word' id='word_1_302' title='bbox 725 3479 815 3554; x_wconf 72' lang='lat' dir='ltr'>mpod</span> <span class='ocrx_word' id='word_1_303' title='bbox 834 3492 931 3554; x_wconf 70' lang='lat' dir='ltr'>frspm.</span> <span class='ocrx_word' id='word_1_304' title='bbox 950 3506 979 3553; x_wconf 60' lang='lat' dir='ltr'>p.</span> <span class='ocrx_word' id='word_1_305' title='bbox 990 3496 1022 3539; x_wconf 82' lang='lat'>10</span> <span class='ocrx_word' id='word_1_306' title='bbox 1042 3483 1055 3556; x_wconf 96' lang='grc' dir='ltr'>Η</span> <span class='ocrx_word' id='word_1_307' title='bbox 1076 3485 1187 3538; x_wconf 84' lang='lat' dir='ltr'>efficere</span> <span class='ocrx_word' id='word_1_308' title='bbox 1207 3491 1252 3538; x_wconf 84' lang='grc' dir='ltr'>ΔΡ</span> <span class='ocrx_word' id='word_1_309' title='bbox 1271 3484 1284 3556; x_wconf 94' lang='grc' dir='ltr'>Η</span> 
     </span>
     <span class='ocr_line' id='line_1_31' title="bbox 175 3570 1283 3645; baseline -0.003 -18"><span class='ocrx_word' id='word_1_310' title='bbox 175 3573 288 3628; x_wconf 83' lang='lat' dir='ltr'>officere</span> <span class='ocrx_word' id='word_1_311' title='bbox 306 3578 415 3641; x_wconf 75' lang='lat' dir='ltr'>scripsi,</span> <span class='ocrx_word' id='word_1_312' title='bbox 440 3578 474 3641; x_wconf 76' lang='lat' dir='ltr'>cs.</span> <span class='ocrx_word' id='word_1_313' title='bbox 491 3594 584 3643; x_wconf 81' lang='lat' dir='ltr'>propr.</span> <span class='ocrx_word' id='word_1_314' title='bbox 604 3582 720 3629; x_wconf 79' lang='lat' dir='ltr'>Posuoo.</span> <span class='ocrx_word' id='word_1_315' title='bbox 739 3580 796 3642; x_wconf 62' lang='lat' dir='ltr'>pai</span> <span class='ocrx_word' id='word_1_316' title='bbox 818 3573 831 3645; x_wconf 94' lang='grc' dir='ltr'>Η</span> <span class='ocrx_word' id='word_1_317' title='bbox 857 3573 938 3627; x_wconf 86' lang='lat' dir='ltr'>huius</span> <span class='ocrx_word' id='word_1_318' title='bbox 957 3573 1032 3626; x_wconf 88' lang='lat' dir='ltr'>modi</span> <span class='ocrx_word' id='word_1_319' title='bbox 1051 3572 1211 3642; x_wconf 87' lang='lat' dir='ltr'>opinionem</span> <span class='ocrx_word' id='word_1_320' title='bbox 1229 3578 1251 3624; x_wconf 91' lang='lat' dir='ltr'><em>P</em></span> <span class='ocrx_word' id='word_1_321' title='bbox 1270 3570 1283 3643; x_wconf 96' lang='grc' dir='ltr'>Η</span> 
     </span>
     <span class='ocr_line' id='line_1_32' title="bbox 175 3640 1284 3732; baseline -0.001 -17"><span class='ocrx_word' id='word_1_322' title='bbox 175 3661 209 3715; x_wconf 80' lang='grc'>12</span> <span class='ocrx_word' id='word_1_323' title='bbox 227 3640 348 3713; x_wconf 65' lang='lat' dir='ltr'>natalem</span> <span class='ocrx_word' id='word_1_324' title='bbox 373 3665 440 3714; x_wconf 73' lang='lat' dir='ltr'>copi.</span> <span class='ocrx_word' id='word_1_325' title='bbox 461 3665 590 3715; x_wconf 72' lang='lat' dir='ltr'>Hortalus</span> <span class='ocrx_word' id='word_1_326' title='bbox 615 3662 629 3732; x_wconf 96' lang='grc' dir='ltr'>Η</span> <span class='ocrx_word' id='word_1_327' title='bbox 653 3661 817 3715; x_wconf 81' lang='lat' dir='ltr'>zenodotus</span> <span class='ocrx_word' id='word_1_328' title='bbox 842 3665 933 3726; x_wconf 83' lang='lat' dir='ltr'>autem</span> <span class='ocrx_word' id='word_1_329' title='bbox 950 3659 1071 3712; x_wconf 80' lang='lat' dir='ltr'>Aetolus</span> <span class='ocrx_word' id='word_1_330' title='bbox 1097 3662 1126 3712; x_wconf 90' lang='lat' dir='ltr'>et</span> <span class='ocrx_word' id='word_1_331' title='bbox 1143 3659 1284 3714; x_wconf 87' lang='lat' dir='ltr'>Diodorus</span> 
     </span>
     <span class='ocr_line' id='line_1_33' title="bbox 175 3745 1284 3815; baseline 0 -15"><span class='ocrx_word' id='word_1_332' title='bbox 175 3746 253 3800; x_wconf 80' lang='lat' dir='ltr'>aiunt</span> <span class='ocrx_word' id='word_1_333' title='bbox 271 3752 360 3815; x_wconf 73' lang='lat' dir='ltr'>neque</span> <span class='ocrx_word' id='word_1_334' title='bbox 380 3746 487 3802; x_wconf 80' lang='lat' dir='ltr'>fabulis</span> <span class='ocrx_word' id='word_1_335' title='bbox 502 3748 672 3803; x_wconf 86' lang='lat' dir='ltr'>contendere</span> <span class='ocrx_word' id='word_1_336' title='bbox 691 3748 901 3802; x_wconf 84' lang='lat' dir='ltr'>huiuscemodi</span> <span class='ocrx_word' id='word_1_337' title='bbox 920 3745 1213 3812; x_wconf 85' lang='lat' dir='ltr'>subministrationem,</span> <span class='ocrx_word' id='word_1_338' title='bbox 1233 3747 1284 3800; x_wconf 91' lang='lat' dir='ltr'>ini-</span> 
     </span>
     <span class='ocr_line' id='line_1_34' title="bbox 174 3831 1285 3904; baseline 0.003 -20"><span class='ocrx_word' id='word_1_339' title='bbox 174 3833 242 3885; x_wconf 89' lang='lat' dir='ltr'>tinm</span> <span class='ocrx_word' id='word_1_340' title='bbox 256 3832 328 3885; x_wconf 90' lang='lat' dir='ltr'>enim</span> <span class='ocrx_word' id='word_1_341' title='bbox 341 3833 461 3888; x_wconf 88' lang='lat' dir='ltr'>omnium</span> <span class='ocrx_word' id='word_1_342' title='bbox 474 3852 563 3889; x_wconf 89' lang='lat' dir='ltr'>rernm</span> <span class='ocrx_word' id='word_1_343' title='bbox 576 3836 662 3889; x_wconf 88' lang='lat' dir='ltr'>Ionis.</span> <span class='ocrx_word' id='word_1_344' title='bbox 676 3838 756 3887; x_wconf 77' lang='lat' dir='ltr'>Arato·</span> <span class='ocrx_word' id='word_1_345' title='bbox 773 3839 870 3902; x_wconf 75' lang='lat' dir='ltr'>interp.</span> <span class='ocrx_word' id='word_1_346' title='bbox 886 3839 933 3886; x_wconf 81' lang='lat' dir='ltr'>lot.</span> <span class='ocrx_word' id='word_1_347' title='bbox 955 3834 972 3904; x_wconf 89' lang='grc' dir='ltr'>Η.</span> <span class='ocrx_word' id='word_1_348' title='bbox 989 3834 1022 3888; x_wconf 85' lang='grc'>13</span> <span class='ocrx_word' id='word_1_349' title='bbox 1040 3833 1131 3887; x_wconf 71' lang='lat' dir='ltr'>teffil’</span> <span class='ocrx_word' id='word_1_350' title='bbox 1151 3831 1164 3902; x_wconf 95' lang='grc' dir='ltr'>Η</span> <span class='ocrx_word' id='word_1_351' title='bbox 1184 3835 1218 3889; x_wconf 86' lang='grc'>14</span> <span class='ocrx_word' id='word_1_352' title='bbox 1230 3850 1285 3898; x_wconf 83' lang='lat' dir='ltr'>non</span> 
     </span>
     <span class='ocr_line' id='line_1_35' title="bbox 175 3918 1283 3993; baseline 0.001 -22"><span class='ocrx_word' id='word_1_353' title='bbox 175 3923 223 3971; x_wconf 70' lang='lat' dir='ltr'>A?</span> <span class='ocrx_word' id='word_1_354' title='bbox 241 3918 255 3988; x_wconf 94' lang='grc' dir='ltr'>Η</span> <span class='ocrx_word' id='word_1_355' title='bbox 275 3934 329 3972; x_wconf 74' lang='lat' dir='ltr'>nos</span> <span class='ocrx_word' id='word_1_356' title='bbox 344 3923 442 3993; x_wconf 76' lang='lat' dir='ltr'>scripsi</span> <span class='ocrx_word' id='word_1_357' title='bbox 461 3924 496 3987; x_wconf 73' lang='lat' dir='ltr'>ef.</span> <span class='ocrx_word' id='word_1_358' title='bbox 517 3926 626 3975; x_wconf 64' lang='lat' dir='ltr'>Arate</span> <span class='ocrx_word' id='word_1_359' title='bbox 644 3923 693 3974; x_wconf 80' lang='grc' dir='ltr'>τοῦ</span> <span class='ocrx_word' id='word_1_360' title='bbox 712 3920 765 3989; x_wconf 79' lang='grc' dir='ltr'>γὰρ</span> <span class='ocrx_word' id='word_1_361' title='bbox 784 3925 830 3973; x_wconf 70' lang='grc' dir='ltr'>καὶ</span> <span class='ocrx_word' id='word_1_362' title='bbox 848 3925 928 3990; x_wconf 76' lang='grc' dir='ltr'><em>γένος</em></span> <span class='ocrx_word' id='word_1_363' title='bbox 947 3924 1023 3990; x_wconf 71' lang='grc' dir='ltr'><em>εἰμέν</em></span> <span class='ocrx_word' id='word_1_364' title='bbox 1043 3919 1061 3991; x_wconf 91' lang='grc' dir='ltr'>Η</span> <span class='ocrx_word' id='word_1_365' title='bbox 1077 3923 1110 3977; x_wconf 82' lang='grc'>15</span> <span class='ocrx_word' id='word_1_366' title='bbox 1123 3922 1247 3975; x_wconf 76' lang='lat' dir='ltr'>animeA</span> <span class='ocrx_word' id='word_1_367' title='bbox 1271 3919 1283 3991; x_wconf 95' lang='grc' dir='ltr'>Η</span> 
     </span>
    </p>

    <p class='ocr_par' dir='ltr' id='par_1_10' title="bbox 168 4003 1384 4252">
     <span class='ocr_line' id='line_1_36' title="bbox 175 4003 1384 4080; baseline -0.001 -20"><span class='ocrx_word' id='word_1_368' title='bbox 175 4006 209 4060; x_wconf 92' lang='grc'>16</span> <span class='ocrx_word' id='word_1_369' title='bbox 227 4005 503 4080; x_wconf 71' lang='lat' dir='ltr'>aliquidemnlumd¹</span> <span class='ocrx_word' id='word_1_370' title='bbox 525 4007 538 4079; x_wconf 94' lang='grc' dir='ltr'>Η</span> <span class='ocrx_word' id='word_1_371' title='bbox 560 4009 671 4067; x_wconf 81' lang='lat' dir='ltr'>seiebet</span> <span class='ocrx_word' id='word_1_372' title='bbox 690 4009 763 4062; x_wconf 92' lang='lat' dir='ltr'>enim</span> <span class='ocrx_word' id='word_1_373' title='bbox 782 4008 971 4062; x_wconf 81' lang='lat' dir='ltr'>aduersarium</span> <span class='ocrx_word' id='word_1_374' title='bbox 989 4011 1068 4060; x_wconf 76' lang='lat' dir='ltr'>Aron·</span> <span class='ocrx_word' id='word_1_375' title='bbox 1084 4013 1185 4076; x_wconf 72' lang='lat' dir='ltr'>interp.</span> <span class='ocrx_word' id='word_1_376' title='bbox 1200 4012 1247 4060; x_wconf 83' lang='lat' dir='ltr'>lot.</span> <span class='ocrx_word' id='word_1_377' title='bbox 1269 4005 1283 4077; x_wconf 94' lang='grc' dir='ltr'>Η</span> <span class='ocrx_word' id='word_1_378' title='bbox 1322 4004 1324 4009; x_wconf 81' lang='grc'><strong>’</strong></span> <span class='ocrx_word' id='word_1_379' title='bbox 1382 4003 1384 4008; x_wconf 78' lang='grc'><strong>’</strong></span> 
     </span>
     <span class='ocr_line' id='line_1_37' title="bbox 168 4091 1281 4166; baseline 0 -20"><span class='ocrx_word' id='word_1_380' title='bbox 168 4092 288 4162; x_wconf 73' lang='lat' dir='ltr'>aliquod</span> <span class='ocrx_word' id='word_1_381' title='bbox 305 4093 406 4147; x_wconf 83' lang='lat' dir='ltr'>melum</span> <span class='ocrx_word' id='word_1_382' title='bbox 424 4099 525 4149; x_wconf 76' lang='lat' dir='ltr'>Pareae</span> <span class='ocrx_word' id='word_1_383' title='bbox 545 4093 560 4165; x_wconf 96' lang='grc' dir='ltr'>Η</span> <span class='ocrx_word' id='word_1_384' title='bbox 580 4095 633 4148; x_wconf 91' lang='lat' dir='ltr'>deo</span> <span class='ocrx_word' id='word_1_385' title='bbox 654 4101 674 4146; x_wconf 83' lang='grc' dir='ltr'><em>Α</em></span> <span class='ocrx_word' id='word_1_386' title='bbox 697 4092 711 4165; x_wconf 97' lang='grc' dir='ltr'>Η</span> <span class='ocrx_word' id='word_1_387' title='bbox 731 4096 775 4148; x_wconf 80' lang='lat' dir='ltr'>Do</span> <span class='ocrx_word' id='word_1_388' title='bbox 794 4101 816 4147; x_wconf 90' lang='lat' dir='ltr'><em>P</em></span> <span class='ocrx_word' id='word_1_389' title='bbox 840 4093 852 4166; x_wconf 94' lang='grc' dir='ltr'>Η</span> <span class='ocrx_word' id='word_1_390' title='bbox 878 4095 990 4149; x_wconf 74' lang='grc' dir='ltr'>ἀθηωε</span> <span class='ocrx_word' id='word_1_391' title='bbox 1017 4091 1030 4163; x_wconf 95' lang='grc' dir='ltr'>Η</span> <span class='ocrx_word' id='word_1_392' title='bbox 1056 4099 1133 4149; x_wconf 78' lang='lat' dir='ltr'>drot.</span> <span class='ocrx_word' id='word_1_393' title='bbox 1148 4104 1204 4149; x_wconf 72' lang='grc' dir='ltr'><strong><em>Μ</em></strong></span> <span class='ocrx_word' id='word_1_394' title='bbox 1222 4091 1236 4147; x_wconf 82' lang='grc' dir='ltr'>ὁ</span> <span class='ocrx_word' id='word_1_395' title='bbox 1257 4093 1281 4146; x_wconf 81' lang='grc' dir='ltr'>δ’</span> 
     </span>
     <span class='ocr_line' id='line_1_38' title="bbox 173 4173 737 4252; baseline 0.002 -20"><span class='ocrx_word' id='word_1_396' title='bbox 173 4173 252 4246; x_wconf 80' lang='grc' dir='ltr'><strong><em>ἤπιος</em></strong></span> <span class='ocrx_word' id='word_1_397' title='bbox 271 4176 462 4251; x_wconf 75' lang='grc' dir='ltr'><strong><em>ἀνθρώποισιν</em></strong></span> <span class='ocrx_word' id='word_1_398' title='bbox 480 4180 555 4242; x_wconf 74' lang='grc' dir='ltr'><em>δεξιὰ</em></span> <span class='ocrx_word' id='word_1_399' title='bbox 575 4187 703 4252; x_wconf 77' lang='grc' dir='ltr'><em>σημαίνει</em></span> <span class='ocrx_word' id='word_1_400' title='bbox 722 4179 737 4251; x_wconf 92' lang='grc' dir='ltr'>Η</span> 
     </span>
    </p>
   </div>
   <div class='ocr_carea' id='block_1_6' title="bbox 0 0 1482 5010">
    <p class='ocr_par' dir='ltr' id='par_1_11' title="bbox 0 0 1482 5010">
     <span class='ocr_line' id='line_1_39' title="bbox 0 0 1482 5010; baseline 0 0"><span class='ocrx_word' id='word_1_401' title='bbox 0 0 1482 5010; x_wconf 95' lang='lat' dir='ltr'> </span> 
     </span>
    </p>
   </div>
  </div>
 </body>
</html>
