2948 5010
648 439 853 504 ..75-

200 615 264 674 ton
279 615 333 675 aut
347 627 517 674 amaram
533 607 650 691 dicunt,
673 627 760 672 ursa
774 607 892 672 maior
907 608 949 672 ab
964 607 1047 687 aliis,
1071 606 1157 690 quod
1178 629 1299 693 graeca

200 719 312 801 lingua
334 724 462 785 arctos
484 722 551 784 sice
573 738 708 782 amaxa
731 715 861 782 dicatur.
905 695 1050 801 Myrtilis
1072 724 1178 783 autem
1199 720 1299 804 Hya·

200 828 265 896 des
289 829 428 912 quinque
449 826 532 893 filias
556 826 668 892 Cadmi
691 845 762 891 csso
786 824 870 891 dicit.
915 826 1013 892 habet
1034 827 1146 893 stellas
1163 834 1299 894 taurus

200 941 233 1003 io
256 938 360 1022 capite
384 939 532 1021 quinque,
556 956 636 1019 quac
658 934 816 1021 Hyades
839 936 1049 1020 appellantur.
1072 937 1215 1020 reliquas
1229 961 1300 1020 xm,

172 1070 188 1108 s
201 1048 243 1113 ab
266 1047 526 1130 abscissioneque
548 1046 631 1111 tauri
652 1065 754 1128 usque
777 1047 819 1110 ad
835 1045 944 1111 rachin
964 1052 1119 1110 uocantur
1131 1045 1299 1114 Pliades.

199 1162 273 1223 sunt
293 1177 351 1241 per
371 1157 479 1222 stellas
502 1162 633 1240 septem,
657 1175 736 1239 quas
759 1155 867 1221 dicunt
881 1156 1017 1221 Atlantis
1038 1154 1121 1220 filias
1136 1174 1208 1221 osse
1229 1177 1300 1242 sep-

199 1274 272 1333 torn.
296 1267 466 1350 exquibus
488 1289 521 1330 vr
544 1267 650 1331 clarae
673 1271 754 1345 sunt,
777 1286 842 1330 una
865 1257 1015 1345 obscu'ra3
1040 1264 1125 1348 quod
1147 1286 1205 1332 sex
1227 1288 1300 1334 oum

199 1377 268 1443 deis
291 1377 528 1443 concubuerunt
552 1397 591 1440 ex
614 1375 728 1458 quibus
751 1400 786 1439 111
807 1396 876 1440 cum
892 1375 979 1441 Ioue.
1013 1395 1054 1442 ex
1076 1376 1204 1442 Electra
1219 1379 1300 1444 Dar-

201 1485 319 1551 danum
352 1492 472 1570 natum,
507 1486 594 1550 Maia
625 1485 830 1566 Mercurium,
864 1489 1007 1570 Taygete
1039 1488 1298 1555 Lacedaemona.

163 1619 188 1659 ιο
200 1616 270 1661 cum
292 1598 439 1680 Neptuno
462 1596 553 1661 duas.
586 1595 739 1679 Alcyone,
764 1614 803 1658 ex
825 1596 912 1678 tquis
934 1593 1081 1682 Hyrieus,
1106 1597 1299 1680 Celaenae

202 1725 265 1788 qua
280 1708 396 1791 Lycus.
429 1727 498 1772 cnm
514 1707 616 1770 Marte
632 1703 773 1789 Sterope,
798 1726 837 1770 ex
861 1733 925 1794 poa
941 1707 1132 1772 Oenomaus.
1167 1710 1298 1794 Merope

200 1836 270 1882 oum
300 1816 447 1902 Sisypho.
491 1835 641 1900 magnam
668 1814 754 1898 apud
780 1815 924 1881 homines
953 1812 1137 1902 dignitatem
1161 1815 1297 1898 habent,

43 1920 46 1923 ’
157 1915 159 1918 ’
199 1922 284 2007 quod
307 1927 452 1990 omnibus
472 1926 560 1990 horis
575 1923 762 2008 significant.
797 1931 926 1990 taurus
950 1951 1012 1993 nori
1033 1940 1113 1993 totos
1134 1927 1299 2012 figuratur.

198 2036 287 2100 habet
308 2036 421 2101 stollas
441 2035 474 2100 in
496 2033 618 2099 rfronre
645 2035 810 2116 utriusque
843 2035 951 2119 partis.
1004 2035 1120 2101 clarior
1147 2037 1302 2105 sinistrae

162 2170 186 2209 rs
198 2143 232 2208 id
265 2151 313 2209 est
343 2144 376 2209 in
405 2144 563 2210 cornibus.
613 2145 644 2207 in
672 2144 773 2210 oculis
800 2146 957 2229 singulas,
997 2145 1030 2209 in
1059 2166 1138 2211 naso
1167 2169 1188 2210 1.
1224 2147 1311 2213 *has

199 2254 311 2320 stellae
334 2255 526 2340 rHyades
542 2253 755 2338 appellantur.
787 2255 823 2318 in
843 2255 970 2321 sinistro
992 2258 1108 2320 icornu
1123 2278 1144 2336 1,
1166 2255 1201 2320 in
1222 2256 1301 2322 dex·

115 2350 116 2353 ¹
198 2369 246 2431 tro
269 2389 290 2446 1,
313 2366 346 2430 in
369 2363 490 2447 ungula
504 2387 549 2442 111,
573 2364 606 2429 in
628 2363 710 2429 collo
726 2386 760 2442 11,
784 2363 817 2427 in
840 2362 936 2429 dorso
958 2387 1003 2428 111.
1038 2364 1150 2430 ultima
1173 2365 1299 2432 clarior.

199 2475 257 2539 sub
279 2479 390 2540 uentre
413 2497 433 2557 1,
456 2473 490 2538 in
512 2478 639 2556 pectore
661 2496 673 2536 1
695 2472 793 2538 clara.
836 2473 913 2539 fiunt
935 2475 1004 2539 lxv.
1038 2478 1077 2541 cb
1099 2476 1300 2544 abscissione

199 2648 213 2701 1
232 2660 315 2701 uorsa
333 2646 423 2700 minus
442 2648 490 2697 ΑΡ
509 2644 521 2716 Η
542 2661 607 2699 ursa
624 2646 712 2700 maior
730 2650 827 2714 scripsi
849 2646 860 2717 Η
880 2648 897 2702 2
916 2648 976 2702 siue
996 2652 1089 2701 addidi
1109 2645 1122 2718 Η
1142 2652 1237 2705 amata
1254 2655 1301 2704 AP

198 2730 213 2805 Η
233 2749 330 2789 amasa
347 2737 444 2802 scripsi
464 2732 477 2804 Η
497 2731 673 2803 MyrrtilusP
691 2733 704 2804 Η
724 2715 848 2789 hadessA
868 2733 882 2806 Η
901 2737 918 2790 3
936 2735 1039 2792 *cadmi
1051 2741 1074 2788 P
1092 2735 1106 2808 Η
1125 2736 1218 2808 capud
1238 2738 1298 2792 cius

198 2823 220 2874 A
242 2819 254 2891 Η
275 2825 359 2894 caput
376 2822 404 2876 oi
415 2825 438 2872 P
458 2820 469 2888 Η
489 2820 507 2874 4
524 2819 553 2873 in
571 2819 664 2890 capite
682 2825 777 2890 scripsi
791 2841 825 2876 ec
838 2826 948 2878 Strozz.
968 2823 981 2895 Η
1001 2824 1123 2895 reliquas
1137 2829 1182 2877 AP
1200 2823 1213 2896 Η
1234 2825 1297 2881 rali-

199 2926 269 2978 quae
287 2914 383 2979 scripsi
404 2907 417 2980 Η
436 2909 453 2964 5
472 2907 694 2978 abscisioneq.P
713 2907 733 2981 Η
746 2912 878 2983 tauriusq.
899 2918 922 2965 P
941 2911 953 2983 Η
972 2912 1087 2967 hrachin
1104 2918 1152 2966 AP
1169 2912 1183 2982 Η
1204 2914 1299 2969 rachis

199 3001 304 3064 scripsi,
320 3002 379 3050 uicto
390 3017 416 3066 p.
427 3004 495 3062 rm
516 2995 600 3065 ‘qnod
612 3001 728 3051 uocatur
738 2999 838 3053 rachis'
860 2998 872 3070 Η
892 3001 1030 3055 brachios
1051 2999 1064 3072 Η
1084 3001 1267 3056 iactantior
1281 3001 1297 3073 Η

198 3100 311 3155 atlindis
330 3106 352 3153 P
370 3100 384 3171 Η
404 3076 517 3172 ccciiii
537 3104 558 3152 A
585 3099 598 3172 Η
623 3101 641 3156 8
660 3101 701 3155 eis
720 3106 768 3155 AP
785 3100 799 3173 Η
819 3103 879 3158 deis
898 3125 932 3160 m.
952 3125 1043 3174 cpopr.
1062 3105 1190 3177 Berotll
1211 3105 1299 3161 elstra

199 3192 220 3240 A
243 3186 255 3259 Η
276 3187 350 3242 sieta
369 3195 391 3242 P
409 3187 422 3260 Η
442 3188 593 3250 dardanum
611 3189 641 3257 (d
660 3208 695 3243 ea
713 3192 726 3243 t
743 3194 824 3260 corr.)
839 3196 860 3244 A
882 3191 895 3264 Η
916 3195 932 3248 9
951 3196 1017 3248 nata
1034 3194 1198 3248 mercurium
1216 3200 1265 3249 ΔΡ
1283 3195 1296 3268 Η

196 3278 336 3345 taygctem
355 3279 377 3328 A
399 3274 412 3347 Η
430 3280 570 3347 tyagctem
588 3281 611 3328 P
630 3276 642 3349 Η
664 3277 844 3350 lacpdemona
862 3284 884 3331 P
906 3279 920 3350 Η
945 3283 979 3337 10
997 3281 1104 3335 alcionc
1123 3287 1146 3334 Ρ
1165 3278 1177 3354 Η
1197 3283 1299 3339 herens

196 3366 244 3415 ΑΡ
261 3379 328 3417 corr.
347 3382 359 3417 ε
380 3361 393 3435 Η
413 3364 544 3419 celacnoo
565 3366 692 3436 quatiens
712 3368 734 3417 A
756 3364 768 3437 Η
790 3365 960 3438 opleonequs
980 3367 1129 3440 &ypcnsP
1148 3368 1161 3441 Η
1182 3372 1215 3425 11
1236 3386 1298 3426 com

197 3455 271 3504 artos
290 3455 388 3524 terope
408 3457 455 3505 ΑΡ
473 3451 486 3525 Η
505 3453 648 3525 Asteropc
668 3473 680 3508 ε
698 3458 781 3507 iodea
799 3453 812 3526 Η
834 3471 888 3525 qua
907 3460 1012 3509 curtidis
1031 3474 1043 3509 s
1063 3455 1077 3529 Η
1097 3459 1131 3513 12
1150 3458 1298 3530 sisyptona

195 3544 218 3591 A
238 3537 251 3609 Η
272 3540 417 3611 sysiptone
435 3546 457 3593 P
475 3539 489 3614 Η
510 3556 570 3595 cum
583 3541 690 3597 Glauco
710 3559 745 3596 ex
764 3559 818 3613 qna
836 3543 955 3613 Sisypho
974 3561 986 3596 ε
1007 3553 1035 3596 or
1055 3549 1089 3614 cf.
1109 3549 1206 3614 lippis.
1220 3550 1250 3598 P.
1264 3550 1297 3600 A.

196 3634 226 3682 11
237 3636 269 3682 Pl
288 3650 313 3698 p.
323 3639 374 3684 m
394 3633 470 3686 Sino.
501 3633 630 3696 Meropen
655 3641 742 3683 cirtem
761 3633 875 3698 sisypho
898 3641 1009 3699 nuptum
1030 3636 1155 3686 Gloriosior
1173 3638 1298 3701 perstricte

197 3716 210 3788 Η
231 3719 264 3773 13
283 3717 338 3771 oris
357 3723 380 3771 A
411 3716 424 3788 Η
451 3718 602 3772 honoribus
622 3735 634 3771 ε
658 3728 688 3770 ot
706 3722 740 3785 cf.
762 3719 821 3772 Cot.
836 3722 933 3770 xxm
945 3727 981 3775 24
1002 3724 1134 3790 μεγίστην
1153 3721 1180 3773 δ’
1201 3723 1297 3792 ἔχουσι

196 3801 280 3864 δόξαν
299 3804 328 3858 ἔν
347 3811 401 3864 τοῖς
414 3803 573 3876 ἀνθρώποις
586 3806 815 3876 ἐπισημαίνουσαι
829 3804 894 3858 καθ’
908 3805 982 3878 ὥραν
1002 3806 1015 3879 Η
1035 3824 1090 3862 non
1108 3811 1185 3863 totus
1203 3815 1299 3866 urldidi

196 3895 231 3960 cf.
244 3911 334 3960 propr.
348 3898 425 3946 Posc.
439 3904 492 3962 pc
512 3894 526 3966 Η
546 3894 581 3949 14
591 3893 678 3948 habet
691 3898 781 3946 addidi
801 3893 813 3966 Η
833 3895 968 3966 utpriusq.
987 3896 1213 3967 partisolariorA
1234 3896 1249 3969 Η
1269 3899 1297 3954 in

196 3979 295 4034 frontis
313 3984 429 4051 utraque
452 3987 530 4052 parte
554 3969 583 4034 id
607 3985 651 4035 est
674 3981 702 4035 in
726 3981 854 4036 cornibus
874 3983 1017 4052 singulas.
1034 3984 1133 4039 clarior
1156 3985 1297 4041 sinistras.

195 4072 315 4136 suspicor
335 4067 348 4140 Η
369 4070 402 4123 16
418 4069 516 4124 hisdes
530 4077 553 4123 P
570 4069 584 4141 Η
604 4071 632 4124 iu
651 4070 763 4124 sinistro
782 4083 854 4138 genu
873 4089 885 4123 ε
902 4089 937 4123 es
952 4079 1007 4124 crit.
1029 4071 1042 4141 Η
1062 4073 1091 4126 in
1110 4073 1228 4143 singulis
1248 4091 1296 4145 ge-

195 4170 276 4225 nibus
290 4171 412 4240 singulas
426 4179 535 4230 strczc.
556 4177 616 4228 Vrb.
638 4172 650 4244 Η
671 4175 704 4229 17
723 4155 805 4243 ᾱοξεο
824 4179 846 4227 A
866 4172 879 4248 Η
901 4175 984 4232 dorso
1004 4198 1052 4234 om.
1066 4182 1089 4229 P
1106 4177 1120 4252 Η
1140 4181 1174 4237 18
1191 4179 1226 4234 ab
1247 4184 1296 4237 orl-
1338 4228 1344 4246 ,

196 4262 252 4312 diii
270 4259 306 4314 ab
325 4260 462 4315 scissione
482 4281 494 4315 ε
515 4261 528 4333 Η
