2948 5010
698 430 911 496 ...ss2-

211 663 213 667 .
247 601 402 681 intulisse,
426 605 459 665 ut
482 600 552 665 eius
574 600 704 683 nuptias
726 601 777 665 dei
800 600 833 663 in
855 599 961 664 insula
982 599 1046 664 Dia
1068 600 1283 686 celebrarent,
1309 621 1363 667 co·

248 703 353 793 gitans
375 709 573 794 praeclaram
596 709 711 789 facere,
735 731 798 792 qua
820 710 954 794 primunr
978 729 1064 775 noua
1085 717 1186 792 nupta
1208 690 1363 776 coronata

248 825 304 885 est.
351 841 446 901 quarn
471 826 641 908 acceperat
664 820 704 884 ab
726 820 823 885 Horis
846 825 878 884 et
899 819 1033 885 Venere.
1080 818 1137 884 sed
1161 819 1215 901 qui
1235 819 1363 884 Cretica

248 929 435 1011 conscripsit
462 929 560 994 refert
590 950 660 994 cunr
683 929 779 995 Liber
807 928 849 992 ad
875 909 1011 994 Minoem
1042 928 1197 1012 uenisset,
1226 934 1261 992 ut
1287 948 1361 995 earn

222 1058 377 1103 aurorem
402 1038 547 1118 duceret,
573 1058 722 1102 coronam
746 1037 864 1102 donum
888 1038 1049 1104 Ariadnae
1073 1036 1201 1103 dedisse
1224 1037 1362 1104 Vulcani

247 1169 343 1232 opere
367 1147 542 1214 confectam
567 1167 607 1212 ex
629 1168 708 1211 auro
732 1153 762 1211 et
777 1149 920 1231 gemmis.
956 1154 989 1213 at
1005 1148 1117 1213 eodem
1133 1147 1223 1213 dono·
1243 1147 1361 1235 dicitur

246 1258 374 1323 Thesea
397 1277 437 1322 ex
452 1257 635 1340 labyrintho
651 1257 816 1322 liberasse.
849 1258 905 1321 tali
930 1257 1055 1342 fulgore
1078 1256 1147 1322 fuit.
1182 1277 1264 1340 quae
1285 1263 1362 1341 post

247 1367 341 1432 astris
364 1365 480 1444 adfixa,
506 1386 576 1430 curn
599 1365 631 1429 in
647 1366 738 1430 Naxo
755 1366 880 1448 utrique
902 1368 1075 1445 uenissent,
1098 1366 1223 1448 signum
1239 1365 1362 1432 amoris

247 1477 317 1542 eius
340 1483 372 1542 et
395 1475 490 1541 crinis
512 1475 590 1558 eius,
616 1474 667 1557 qui
691 1473 794 1556 fulget
816 1477 875 1540 sub
899 1476 1001 1541 cauda
1022 1476 1135 1540 leonis.
1163 1476 1262 1541 habet
1283 1476 1363 1542 stel-

209 1607 234 1646 10
247 1587 296 1651 las
319 1605 436 1651 corona
452 1607 522 1647 vnn
543 1584 577 1647 in
599 1585 676 1649 orbe
700 1585 831 1668 positas,
856 1604 989 1666 quarum
1005 1609 1042 1648 111
1056 1587 1164 1651 clarae
1180 1604 1262 1668 quae
1285 1605 1364 1650 con-

246 1699 296 1758 tra
318 1694 423 1779 capud
445 1695 564 1760 neonis
587 1699 660 1758 sunt
682 1693 761 1771 eius,
784 1695 839 1775 qui
861 1701 909 1759 est
930 1695 1012 1759 inter
1035 1695 1279 1782 septentriones.

331 1807 413 1869 Turn
436 1803 514 1869 fessi
537 1803 674 1884 subter}

332 1913 392 1978 Hic
415 1921 464 1978 est
486 1913 540 1996 qui
562 1917 659 1995 supra
681 1912 880 1994 scorpionem
904 1919 966 1978 stat
987 1919 1123 1980 tenens
1146 1914 1270 1979 duabus
1290 1934 1361 1979 rna-

247 2024 340 2088 nibns
364 2042 535 2104 anguem.
573 2021 720 2105 quiesse
743 2022 857 2085 dicitur
879 2023 1075 2107 Aesclapius,
1098 2030 1212 2106 rogatu
1234 2027 1362 2110 'Apolli-

210 2160 233 2197 ιε,
246 2135 297 2198 nis
324 2134 423 2216 patris
450 2134 491 2196 ab
521 2133 597 2196 loue
625 2131 719 2196 astris
746 2131 872 2195 inlatus.
919 2133 971 2212 qui
992 2133 1042 2197 ‘ab
1071 2153 1109 2199 eo
1135 2134 1266 2200 iulrnine
1290 2142 1363 2201 erat

146 2275 158 2294 ν
245 2242 448 2320 interfectus,
481 2241 568 2324 quod
595 2247 682 2306 esset
711 2239 897 2322 indignatus
920 2241 1073 2325 luppiter,
1105 2262 1175 2308 eum
1205 2250 1275 2310 arte
1299 2265 1362 2311 sna

245 2373 353 2417 rursus
380 2357 454 2434 post
482 2351 600 2415 obitum
631 2350 787 2416 defunctis
816 2351 938 2415 animas
972 2333 1140 2417 restituere
1174 2353 1216 2418 ad
1248 2354 1360 2426 uitam.

200 2512 203 2518 .
247 2463 335 2527 cuius
359 2459 452 2524 stella
482 2459 597 2523 clarior
625 2466 681 2525 est.
727 2459 823 2524 habet
845 2460 954 2525 stellas
975 2462 1045 2545 ipse
1068 2485 1136 2524 xvn
1163 2467 1194 2526 et
1221 2465 1361 2545 anguis

247 2591 341 2655 quem
360 2552 459 2634 vtenet
489 2569 598 2634 stellas
626 2591 737 2632 xxvrn.
782 2568 880 2633 habet
906 2570 1016 2635 stellas
1046 2571 1078 2635 in
1105 2572 1208 2655 capite
1236 2573 1360 2638 claram

208 2701 351 2745 cannam.
387 2679 418 2742 in
443 2678 578 2759 singulis
594 2679 713 2742 umeris
736 2678 848 2755 claras,
872 2679 905 2742 in
929 2680 1063 2760 singulis
1084 2681 1221 2763 pedibus
1243 2684 1361 2763 claras,

246 2792 278 2855 in
302 2789 431 2855 sinistra
452 2808 549 2852 manu
572 2794 650 2862 tres,
680 2789 713 2851 in
737 2788 870 2853 dextera
893 2793 1053 2869 quattuor,
1084 2810 1123 2854 ex
1151 2790 1199 2856 his
1222 2793 1302 2857 duas
1325 2793 1361 2856 in

247 2898 379 2964 dextera
402 2917 500 2961 rnanu
515 2897 629 2980 clarae,
653 2897 686 2961 in
710 2897 823 2962 cubitis
840 2888 974 2980 singulis
990 2898 1145 2980 singulas,
1168 2899 1201 2962 in
1224 2901 1361 2984 singulis
1444 2882 1448 2890 ¹

248 3097 262 3149 1
283 3093 318 3146 ad
338 3112 406 3145 corr.
421 3110 456 3143 oa
475 3096 504 3145 at
521 3095 543 3144 Α
567 3091 580 3163 Η
600 3092 639 3147 dii
658 3099 680 3144 P
698 3090 712 3163 Η
732 3094 748 3147 2
767 3094 920 3163 preclaram
939 3099 961 3145 Ρ
978 3093 992 3165 Η
1013 3095 1104 3168 nouari
1123 3100 1145 3146 P
1168 3096 1182 3166 Η
1206 3097 1223 3152 3
1243 3097 1357 3167 accipe·

246 3185 323 3234 ratri
347 3178 361 3250 Η
381 3180 416 3231 ab
431 3180 521 3233 orisA
543 3181 554 3248 l
576 3180 670 3234 abonis
685 3185 707 3231 P
725 3179 739 3250 Η
756 3183 814 3232 (lot.
827 3184 879 3231 XX
884 3184 944 3244 Vll,
957 3189 1001 3232 u:
1017 3177 1196 3250 Ἐπιμενίδης
1209 3179 1222 3233 ὁ
1237 3180 1269 3234 τὰ
1283 3187 1360 3252 Κρη-

246 3266 306 3321 τικὰ
321 3268 437 3335 ἱστορῶν
452 3266 465 3337 Η
481 3268 667 3338 lpraetertrt
685 3265 697 3337 Η
718 3267 806 3320 libera
820 3273 842 3318 P
855 3266 869 3337 Η
889 3267 1026 3321 minonem
1041 3272 1088 3319 ΑΡ
1099 3268 1112 3337 Η
1127 3269 1144 3324 5
1157 3269 1269 3323 ariadne
1283 3273 1332 3323 ΑΡ
1344 3269 1359 3342 Η

246 3355 392 3424 nulganiA
416 3355 428 3425 Η
449 3358 465 3410 6
484 3356 519 3408 ab
534 3357 632 3409 eodem
646 3355 680 3409 do
694 3359 743 3408 ΑΡ
761 3354 773 3424 Η
796 3358 825 3408 at
844 3355 943 3408 eodem
963 3354 1036 3409 dono
1055 3360 1152 3423 scripsi
1173 3355 1185 3426 Η
1207 3355 1359 3425 llabyrin·

212 3502 214 3506 ⁸
245 3446 292 3497 teo
312 3447 335 3494 P
358 3443 371 3512 Η
395 3443 452 3495 tale
472 3448 519 3495 ΑΡ
543 3443 557 3512 Η
582 3443 634 3497 tali
653 3461 665 3495 ε
690 3443 704 3512 Η
728 3445 746 3498 8
764 3443 867 3495 innoxo
887 3447 908 3494 Α
936 3440 949 3512 Η
975 3458 1036 3495 curn
1055 3443 1083 3495 in
1101 3442 1184 3497 Naxo
1204 3446 1296 3499 *sa-ut
1315 3443 1359 3498 eis

247 3531 294 3600 qui
305 3530 445 3583 uidissent
464 3531 572 3599 signum
591 3529 693 3582 amoris
714 3533 791 3582 esset
810 3547 822 3581 ε
841 3539 870 3580 ot
891 3529 1157 3601 rs.Horor.14641l
1178 3531 1285 3585 sionum
1299 3535 1322 3581 A
1345 3529 1359 3601 Η

246 3620 263 3672 9
282 3617 341 3669 eius
355 3604 423 3669 corr.
438 3636 473 3670 ea
490 3620 522 3670 δὲ
536 3623 558 3669 Ρ
577 3615 589 3686 Η
610 3617 712 3669 crimen
731 3615 764 3667 ee
780 3620 827 3666 AP
845 3615 857 3686 Η
879 3616 963 3669 crinis
977 3617 1037 3669 eius
1050 3621 1146 3684 scripsi
1166 3616 1180 3688 Η
1200 3619 1235 3673 10
1247 3616 1360 3688 positus

246 3709 268 3755 P
287 3703 300 3772 Η
321 3704 394 3756 clare
408 3709 431 3755 Ρ
449 3704 462 3772 Η
483 3705 516 3757 11
537 3704 622 3772 caput
634 3704 657 3751 P
674 3699 688 3771 Η
709 3699 838 3755 draconis
857 3706 993 3769 legendum
1009 3700 1066 3755 osse
1083 3687 1191 3756 uidetur
1210 3722 1245 3757 ea
1260 3704 1324 3757 Cot.
1339 3708 1364 3757 V

246 3793 274 3843 οἱ
292 3789 360 3844 κατὰ
379 3789 428 3858 τὴν
447 3789 571 3860 κεφαλὴν
589 3791 637 3841 τοῦ
650 3785 759 3857 Ὄφεως
776 3791 826 3840 τοῦ
844 3787 890 3840 dori
909 3791 963 3842 τῶν
976 3782 1097 3857 Ἄρκτων
1121 3794 1154 3858 os,
1174 3792 1269 3849 pdilol.
1289 3795 1363 3844 xm

245 3887 298 3931 σου
311 3881 371 3929 uda
393 3878 406 3946 Η
427 3879 454 3931 ci
474 3884 494 3929 Ρ
514 3876 529 3947 Η
548 3878 578 3929 in
595 3880 643 3928 ΑΡ
661 3873 674 3945 Η
695 3874 767 3927 inter
785 3878 882 3942 scripsi
903 3876 916 3944 Η
938 3877 1130 3946 septentrione
1149 3882 1172 3928 P
1190 3875 1204 3947 Η
1224 3879 1361 3945 1211111-

247 3970 342 4020 cedcor
358 3970 444 4019 Geron.
457 3983 482 4016 o.
494 3972 599 4016 rc-ac
619 3961 632 4032 Η
653 3963 686 4016 13
701 3963 763 4013 Gar.
776 3965 814 4014 Vl
825 3966 909 4028 Hypso
929 3967 957 4018 Ρ.
974 3969 1006 4015 A.
1022 3969 1051 4015 11
1062 3972 1095 4015 14
1107 3967 1152 4014 111
1162 3973 1194 4016 rs
1214 3963 1227 4034 Η
1247 3964 1292 4016 hic
1304 3967 1324 4019 ι’.
1336 3983 1359 4020 e.

245 4058 431 4120 serpentarius
452 4052 465 4120 Η
486 4051 521 4105 14
533 4049 673 4119 asclapius
687 4053 709 4098 P
728 4047 741 4116 Η
763 4049 797 4102 15
810 4049 922 4102 inlatum
937 4053 982 4101 ΑΡ
993 4069 1059 4101 corr,
1072 4068 1085 4102 ε
1100 4049 1112 4120 Η
1128 4053 1162 4106 18
1175 4051 1244 4104 etin
1258 4052 1359 4121 anguis

242 4144 267 4202 A
289 4141 303 4209 Η
323 4157 395 4191 xxrrr
408 4143 455 4189 ΑΡ
466 4141 573 4190 correxi
587 4154 622 4188 ca
634 4152 742 4187 artarcro
756 4138 831 4201 iufra
843 4141 932 4201 posito
955 4134 967 4208 Η
987 4136 1160 4205 ancingales
1174 4137 1294 4208 pedibus
1309 4142 1332 4190 A
1345 4137 1359 4211 Η

245 4227 318 4281 1111
332 4231 351 4276 Α
374 4224 387 4296 Η
408 4227 443 4280 22
456 4224 573 4292 singulis
587 4220 690 4275 cubitis
703 4226 726 4272 P
743 4219 757 4291 lv
778 4221 806 4274 in
825 4223 942 4291 singulis
962 4223 1080 4292 genibus
1100 4224 1225 4295 singulas
1243 4243 1293 4279 om.
1308 4229 1333 4277 P
1345 4226 1358 4296 Η
