2948 5010
601 403 836 471 -215-

162 575 195 639 in
221 574 307 639 nube
334 592 438 655 neque
467 574 499 637 in
521 573 599 638 flatu
621 573 739 639 cadunt
760 590 863 655 rores,
893 571 939 636 sic
966 590 1094 652 quoque
1114 592 1180 637 non
1204 573 1313 645 sines

160 683 313 749 remedio.

249 794 417 859 Sarmenta
445 798 499 856 ant
520 792 686 876 palearum
709 810 843 856 aceruos
866 795 898 854 et
919 790 1048 854 euulsas
1070 788 1187 855 herbas
1208 788 1273 855 fru-

161 903 307 984 ticesque
329 922 387 986 per
409 901 523 968 uineas
546 920 749 985 camposque,
774 920 844 966 cum
866 899 1002 976 timebis,
1026 898 1202 976 incendito‚
1225 899 1272 964 fu-

162 1031 234 1077 mus
259 1011 447 1077 medebitur.
484 1010 537 1077 hic
564 1032 582 1077 e
609 1009 711 1095 palcis
740 1014 772 1075 ct
799 1015 909 1073 contra
931 1007 1065 1075 nebulas
1088 1008 1270 1094 auxiliatur,
1297 1033 1308 1068 ⁵

163 1120 218 1185 ubi
240 1120 376 1186 nebulae
398 1128 524 1186 nocent.
559 1120 688 1204 quidam
710 1124 777 1184 tres
799 1137 931 1183 cancros
953 1118 1046 1183 uiuos
1070 1119 1202 1184 eremari
1224 1120 1272 1183 iu-

163 1230 240 1295 bent
260 1229 294 1294 in
317 1230 464 1313 arbustis,
488 1236 523 1295 ut
545 1230 758 1296 carbunculus
780 1248 845 1291 non
867 1234 990 1292 noceat.
1014 1224 1068 1292 alii
1090 1226 1180 1292 siluri
1203 1247 1271 1293 car-

162 1357 234 1403 nem
258 1339 371 1403 leniter
393 1339 440 1426 uri
463 1346 603 1416 auento,
626 1345 661 1404 nt
682 1359 739 1422 per
762 1343 859 1402 totam
882 1337 1009 1401 uincam
1031 1335 1135 1402 firmus
1151 1337 1273 1421 dispcr-

162 1453 265 1528 gatur.
301 1449 403 1512 Varro
419 1455 529 1514 auctor
545 1455 601 1525 est,
624 1447 653 1513 si
668 1447 816 1511 fidiculae
832 1467 957 1524 occasu,
981 1445 1066 1529 quod
1083 1452 1133 1512 cst
1146 1446 1272 1511 initium

162 1556 319 1633 autumni,
354 1577 418 1622 uua
447 1557 532 1641 picta
558 1563 772 1623 consecretur·
786 1556 869 1621 inter
895 1557 992 1633 uites,
1026 1557 1130 1622 minus
1157 1575 1311 1620 nocerem

161 1670 379 1748 tempestates.
412 1667 581 1733 Archibius
596 1666 639 1731 ad
653 1665 845 1730 Antiochum
865 1664 979 1748 Syriae
1002 1684 1110 1746 regem
1134 1664 1271 1748 scripsit,

162 1773 189 1839 si
218 1774 305 1841 fictili
335 1796 419 1841 nouo
448 1776 601 1841 obruatur
627 1776 741 1841 rubeta
763 1794 845 1840 rana
866 1774 899 1838 in
922 1773 1030 1840 media
1052 1779 1178 1856 segete,
1205 1793 1271 1838 non

162 1903 234 1950 esse
256 1884 371 1950 noxias
393 1891 605 1967 tempestates.

429 2055 525 2122 Plinii
547 2055 688 2122 Secundi
711 2076 750 2121 ex
773 2055 887 2121 codem
909 2054 1000 2134 libro.

246 2191 451 2274 Primumque
478 2213 499 2256 a
527 2193 594 2257 sole
624 2192 788 2275 capiemus
816 2191 1019 2275 praesagia·
1040 2210 1138 2272 purus
1166 2191 1271 2260 oriens
1286 2215 1309 2252 ιε

161 2305 256 2382 atque
281 2320 345 2364 non
367 2301 507 2383 feruens,
530 2322 677 2366 serenum
699 2300 785 2366 diem
807 2301 938 2377 nuntiat,
962 2306 999 2364 at
1016 2299 1182 2364 hibernam
1204 2302 1273 2383 pal·

161 2410 245 2474 lidus
268 2401 467 2491 grandinem.
492 2412 520 2478 si
545 2418 576 2478 et
599 2410 714 2478 occidit
736 2409 839 2494 pridie
856 2428 987 2474 screnus
1004 2413 1035 2473 et
1051 2408 1160 2487 oritur,
1184 2415 1272 2475 tanto

162 2519 328 2585 certiorem
352 2520 447 2585 tidem
464 2523 644 2588 serenitatis
660 2520 808 2587 ostendit.
833 2538 994 2584 concauus
1017 2518 1124 2584 oriens
1145 2520 1273 2603 pluuias

161 2628 325 2713 praedicit,
348 2629 434 2696 idern
457 2639 581 2711 uentos,
606 2652 678 2698 cum
700 2639 775 2696 ante
797 2631 994 2719 exorientem
1016 2649 1089 2694 eum
1103 2630 1206 2696 nubes
1220 2650 1273 2694 ru·

161 2738 310 2818 bossunt,
339 2741 426 2822 quod
449 2743 476 2807 si
497 2747 529 2808 et
550 2743 662 2825 nigrae
685 2740 872 2806 rubentibus
894 2736 1123 2804 intcrucnerint
1151 2745 1183 2804 et
1202 2740 1271 2824 plu·
1284 2764 1310 2801 20

197 2912 212 2964 1
232 2911 293 2964 sine
306 2912 430 2966 remedio
444 2917 583 2967 sarmenta
596 2914 783 2979 (sacramenta
794 2913 827 2979 S)
838 2914 877 2963 sic
890 2913 1013 2963 coiiiinuo
1026 2912 1074 2960 SV
1094 2907 1107 2978 Η
1127 2910 1144 2964 3
1162 2908 1269 2978 platea·
1289 2921 1310 2969 s

161 3015 220 3051 rnm
238 3004 260 3050 V
274 2996 288 3067 Η
307 3000 325 3053 4
339 3000 499 3070 fructicesq.
514 3005 562 3053 SV
580 2998 593 3069 Η
614 3004 643 3053 et
655 3001 745 3054 fumus
764 3005 784 3052 V
798 2997 811 3067 Η
825 2999 842 3054 5
855 3002 885 3050 et
897 3015 946 3052 oui.
965 3001 987 3049 V
1000 2994 1013 3065 Η
1029 2999 1073 3049 est
1086 2996 1234 3051 auxiliator
1251 3004 1274 3051 V

163 3085 177 3156 Η
198 3087 215 3140 6
233 3085 286 3137 tibi
299 3087 399 3140 nebule
419 3094 440 3141 V
459 3087 472 3157 Η
493 3089 544 3141 tris
557 3091 659 3141 Plinius
680 3084 693 3157 Η
714 3087 730 3141 7
749 3086 778 3139 in
791 3085 913 3140 arbustis
928 3103 976 3139 om.
995 3089 1017 3136 V
1035 3082 1049 3152 Η
1069 3088 1100 3136 ut
1112 3083 1273 3138 carbunculi

161 3187 218 3224 non
229 3177 351 3227 noceant
369 3175 383 3224 b
396 3179 500 3228 Plinius
514 3174 528 3245 Η
543 3174 667 3228 siluestri
679 3178 702 3227 S
713 3173 729 3246 Η
744 3175 903 3229 siluestrem
920 3177 942 3225 V
955 3169 968 3241 Η
984 3171 1060 3224 siluri
1074 3171 1088 3220 b
1109 3169 1123 3239 Η
1143 3169 1273 3226 81euiter

163 3262 294 3312 bPiiuiua
314 3262 327 3329 Η
347 3265 379 3314 ut
397 3278 413 3314 a
432 3266 515 3315 uento
534 3266 592 3332 ps
618 3261 630 3332 Η
658 3267 688 3316 et
706 3266 863 3332 auentop
887 3258 940 3329 Vll
967 3263 1085 3312 auentc
1105 3260 1136 3311 nt
1154 3273 1204 3328 per
1222 3259 1237 3308 d
1258 3257 1271 3327 Η
1323 3254 1326 3259 ’

162 3347 340 3418 dispergatur
359 3352 379 3400 S
399 3347 413 3419 Η
434 3349 580 3420 dispgatur
604 3356 625 3403 V
644 3348 657 3418 Η
684 3352 700 3404 9
719 3353 817 3403 auctor
836 3353 865 3401 et
884 3347 908 3400 si
926 3350 947 3398 S
974 3344 988 3415 Η
1013 3350 1187 3400 auctorest:
1208 3346 1274 3415 quia

167 3440 189 3487 V
212 3433 225 3504 Η
252 3440 349 3489 auctor
368 3441 412 3489 est
431 3436 506 3505 quod
525 3437 583 3490 sib
613 3437 626 3504 Η
656 3440 754 3489 auctor
773 3440 818 3488 est
837 3435 861 3487 si
880 3437 984 3486 Plinius
1013 3432 1026 3503 Η
1055 3431 1197 3504 phidiculc
1217 3437 1237 3483 S
1258 3430 1272 3501 Η

161 3522 310 3593 phydicule
335 3528 355 3575 V
380 3522 393 3593 Η
419 3525 453 3579 10
471 3540 526 3577 una
544 3524 617 3593 pitta
634 3527 655 3575 S
676 3522 689 3591 Η
713 3538 768 3574 una
786 3521 852 3591 pica
876 3522 912 3573 Vb
933 3518 946 3592 Η
965 3537 1021 3574 uua
1038 3521 1116 3590 picta
1134 3522 1237 3571 Plinius
1259 3519 1273 3588 Η

162 3615 342 3678 consecratur
360 3615 381 3664 s
401 3610 415 3680 Η
436 3611 503 3664 uitis
523 3615 626 3662 Plinius
647 3609 660 3680 Η
680 3611 802 3662 noceant
825 3613 847 3658 V
866 3605 879 3676 Η
900 3610 933 3662 11
954 3608 1113 3677 Archybius
1137 3612 1159 3659 V
1178 3605 1191 3676 Η
1211 3606 1271 3661 An-

160 3697 303 3752 thiochnm
323 3703 343 3749 S
364 3697 377 3768 Η
397 3713 492 3766 regem
511 3697 577 3750 sirie
602 3701 623 3748 V
642 3695 654 3764 Η
677 3696 782 3749 siries
807 3694 820 3764 Η
846 3696 880 3749 12
899 3695 992 3749 sectili
1016 3699 1038 3746 V
1057 3693 1070 3765 Η
1096 3710 1169 3749 nouo
1190 3694 1272 3748 obse-

161 3787 224 3837 rata
236 3785 367 3839 obruatur
387 3788 400 3837 i
422 3788 434 3855 Η
454 3787 647 3853 tempestates.
655 3781 836 3855 ylExplicii.f
850 3785 870 3833 S
885 3780 898 3850 Η
912 3787 1033 3850 suspicitur
1046 3783 1212 3850 uuiplificuiu
1225 3801 1275 3850 po-

162 3874 248 3924 lorum
261 3875 406 3940 descriptio
419 3875 446 3924 iu
460 3875 509 3923 SV
526 3875 560 3938 cs.
576 3873 638 3923 uitur.
652 3890 678 3936 p.
692 3876 779 3936 uzu
799 3867 812 3938 Η
834 3869 869 3922 14
880 3874 949 3925 Plin.
965 3875 991 3920 X
996 3875 1061 3923 Vm
1073 3878 1133 3926 ³111.
1143 3876 1196 3923 842
1214 3874 1273 3922 lun.

163 3956 176 4028 Η
197 3962 320 4012 Alterum
338 3960 386 4011 boc
405 3966 560 4024 excerptum
578 3961 651 4009 solus
669 3957 746 4008 butu
761 3961 792 4021 S,
812 3958 951 4009 eureuduui
969 3974 1003 4009 oar
1016 3961 1104 4009 Plinio
1118 3967 1144 4009 ci
1158 3960 1273 4010 Isidoro.

162 4049 291 4098 lectiones
303 4048 464 4098 sirozziuni
483 4047 541 4097 ciue
554 4048 630 4112 cipue
649 4053 760 4098 iioiutoe
779 4054 841 4096 sum
862 4043 875 4113 Η
896 4046 930 4102 16
948 4044 1058 4114 nuptiat
1072 4045 1085 4115 Η
1104 4045 1237 4098 hibernus
1258 4042 1272 4111 Η

160 4132 304 4185 hibernam
323 4136 424 4185 Plinius
445 4129 458 4199 Η
484 4132 518 4186 18
537 4132 640 4185 certior
660 4128 673 4199 Η
694 4131 841 4184 certiorem
859 4135 956 4198 scripsi
977 4130 991 4203 Η
1013 4133 1117 4188 certior
1135 4131 1204 4187 tides
1225 4146 1269 4185 se·

160 4219 298 4275 renitatis.
318 4223 421 4272 Plinius
441 4218 455 4289 Η
477 4220 510 4275 19
528 4221 646 4273 ucnctos
667 4216 681 4289 Η
701 4217 845 4273 exoriente
866 4216 880 4289 Η
