2948 5010
605 410 838 475 -183-

161 584 196 647 in
212 583 260 647 sui
277 556 382 647 metus
397 579 643 662 inuestigaticne
658 578 788 653 t'aeiunt,
812 599 884 644 eum
899 564 1057 644 interdum
1072 581 1105 644 in
1121 584 1273 660 austrum,
1290 584 1315 651 S

161 692 322 757 interdum
346 685 379 754 in
403 689 659 773 septentrionem,
682 688 870 771 plerumque
886 695 997 754 centra
1012 689 1173 775 mundum,
1197 712 1273 755 ncn-

162 821 334 882 numquam
363 822 434 865 cum
461 797 579 862 mundo
608 796 762 861 feruntur.
797 798 855 863 sed
882 819 922 862 ex
944 798 994 862 his
1017 799 1149 863 ducrum
1173 801 1273 864 maxi-

164 931 288 974 morum
311 909 449 974 siderum
469 908 646 971 rationibus
662 905 705 970 ad
727 913 852 990 tempus
868 908 977 973 dilatis
993 916 1168 974 ceterorum
1185 910 1273 991 quin-

163 1039 226 1101 que
249 1039 360 1084 cursus
384 1025 416 1083 et
438 1018 568 1082 nomina
590 1023 621 1081 et
643 1016 771 1081 ordines
796 1017 999 1100 explicemus.

249 1129 412 1192 Summum
447 1127 543 1211 igitur
576 1129 777 1210 planetarum
808 1127 933 1191 Saturni
967 1126 1057 1192 siclus
1088 1134 1149 1207 cst,
1186 1131 1272 1210 quud

166 1256 282 1319 graece
296 1238 461 1321 Phaenon,
484 1236 518 1298 id
541 1242 589 1300 est
611 1257 769 1319 apparens
784 1238 909 1317 igneus,
925 1237 1048 1321 dicitur,
1071 1238 1176 1303 colere
1199 1260 1272 1303 can-

166 1347 285 1425 didum,
309 1355 423 1411 natura
445 1345 597 1429 gelidum.
621 1344 694 1409 ideo
718 1346 845 1411 tricenis
866 1348 1029 1412 mensibus
1049 1347 1185 1428 singulis
1208 1349 1272 1429 sig-

162 1459 212 1523 nis
235 1457 376 1534 recurrit,
398 1476 457 1538 per
472 1455 605 1537 triginta
628 1475 732 1520 annos
747 1455 932 1536 signiferum
952 1457 1131 1540 pertransit.
1155 1457 1273 1541 frigida

163 1574 194 1632 et
217 1567 347 1650 sterilis,
375 1564 547 1629 infecunda
568 1565 674 1642 terris,
698 1565 902 1629 nascentibus
923 1585 988 1629 ncn
1011 1565 1173 1644 salutaris,
1196 1566 1272 1630 facit
1286 1585 1310 1622 10

162 1676 301 1741 aduersa
323 1676 473 1740 diuturna
494 1693 554 1737 nec
577 1674 692 1738 subita.
727 1695 823 1755 quam
855 1674 985 1757 quidam
1008 1675 1269 1758 philosopherum

162 1786 272 1851 dicunt
292 1787 472 1867 ingressam
495 1784 539 1846 nil
562 1804 690 1864 necere,
718 1784 936 1866 retrogradam
965 1805 1036 1850 csse
1058 1784 1270 1868 periculosam

162 1901 195 1960 et
215 1895 291 1960 inde
307 1895 424 1978 dieunt,
449 1894 571 1959 habere
587 1895 755 1959 Saturnum
772 1893 885 1958 falcem
909 1894 941 1957 in
964 1895 1076 1978 tutela,
1100 1894 1175 1975 quia
1188 1893 1271 1958 falce

156 2010 307 2095 protenta
338 2005 384 2068 nil
411 2004 511 2082 ualet,
545 2008 630 2067 retro
659 2022 735 2067 uero
764 2009 839 2068 acta
865 2002 1017 2086 quicquid
1043 2005 1074 2068 ei
1099 2003 1271 2068 occurrerit

163 2121 259 2180 secat.
1286 2134 1307 2169 ιε

246 2227 333 2290 Iouis
356 2224 460 2302 stella,
485 2242 569 2304 quae
591 2241 708 2302 graece
724 2221 900 2299 Phaethon,
922 2221 955 2284 id
979 2229 1027 2288 est
1042 2224 1201 2300 ruentem,
1223 2222 1271 2285 di-

162 2336 252 2419 citur,
276 2335 308 2398 in
331 2332 465 2417 singulis
488 2332 587 2415 signis
610 2351 694 2395 anno
717 2337 833 2409 manet,
857 2332 1006 2415 signifero
1022 2332 1192 2397 duodecim
1214 2352 1270 2395 an-

161 2445 211 2508 nis
248 2443 369 2519 euadit,
404 2443 555 2506 salutaris
588 2447 620 2506 et
654 2446 831 2524 temperata
864 2447 895 2504 et
928 2441 1088 2508 uniuersis
1121 2441 1270 2507 euntibus

159 2572 326 2637 prospera.
1062 2554 1067 2562 '

246 2660 356 2725 Martis
379 2662 487 2738 stella,
518 2678 600 2743 quae
623 2679 740 2740 graece
763 2660 889 2743 Pyrois,
919 2661 953 2723 id
976 2667 1024 2726 est
1045 2663 1173 2747 igneus,
1204 2682 1308 2728 nonno

162 2770 276 2836 eedem
299 2771 403 2854 spatie
427 2770 528 2852 signis
544 2760 685 2850 'singulis
707 2768 826 2835 haeret.
856 2770 1043 2852 signiferum
1065 2792 1181 2837 nouem
1203 2773 1270 2838 fere

160 2881 255 2946 annis
284 2887 490 2964 perungatur.
529 2880 625 2963 ignea
651 2879 863 2964 intemperata
889 2888 920 2945 et
946 2882 980 2944 in
1005 2881 1152 2946 aduersis
1179 2888 1212 2947 et
1237 2883 1270 2946 in

161 2990 349 3056 mortalibus
372 2990 477 3055 subita
497 2989 551 3054 uel
573 2989 644 3054 ferit
664 2992 838 3073 repentinis
860 2991 978 3058 morbis
1000 2993 1051 3057 uel
1074 2991 1156 3056 ferre
1171 2992 1270 3076 punit.

247 3101 356 3166 Venus
376 3099 488 3177 stella,
522 3117 608 3181 quae
636 3119 752 3184 graece
773 3101 984 3184 Phosphcrcn
1006 3102 1135 3186 dicitur,
1162 3103 1196 3166 id
1223 3108 1271 3168 est

160 3215 262 3278 lueenr
285 3213 393 3276 ferens
415 3211 467 3274 uel
490 3209 593 3274 isedis
615 3209 705 3278 lucis.
741 3231 812 3276 cum
835 3213 936 3276 solem
951 3212 1123 3297 praeeedit,
1145 3212 1269 3296 lucifer,
1283 3232 1309 3269 2⁵

131 3324 134 3329 ’
161 3343 232 3388 cum
260 3341 337 3386 uero
365 3319 524 3402 sequitur,
556 3339 673 3403 uesper
706 3319 889 3404 appellatur
915 3327 946 3385 et
973 3342 1043 3386 cum
1074 3323 1186 3388 lucifer
1212 3330 1269 3400 est,

162 3521 177 3573 1
196 3517 414 3586 inuestigaticne
435 3536 503 3573 corr.
517 3535 552 3568 ea·
570 3516 817 3584 inuestigationem
837 3523 857 3568 S
878 3515 891 3589 Η
912 3518 1046 3571 fatiuntS
1067 3519 1079 3586 Η
1104 3518 1122 3572 4
1141 3517 1269 3587 syderum
1287 3529 1308 3577 s

161 3610 182 3658 S
203 3604 217 3676 Η
238 3604 333 3674 dylata
350 3608 371 3656 S
391 3604 404 3673 Η
425 3606 442 3658 6
461 3604 601 3658 Summum
620 3603 715 3674 igitur]
735 3608 769 3671 cf.
789 3610 857 3660 Prin.
877 3626 904 3661 n.
917 3607 942 3656 lr.
963 3610 1039 3657 1132
1051 3623 1107 3673 sqq.
1131 3606 1269 3659 Censura.

160 3713 186 3761 p.
202 3702 235 3745 79
258 3695 335 3744 lala.
357 3696 432 3744 Berlu
456 3693 586 3744 Venerat.
608 3698 699 3746 tertul
718 3711 744 3758 p.
760 3699 793 3743 13
814 3694 879 3743 cuir.
901 3696 989 3742 Busil.
1014 3689 1028 3760 Η
1059 3691 1145 3760 sydus
1165 3697 1186 3744 S
1212 3692 1225 3762 Η
1253 3710 1272 3761 q

160 3796 243 3849 grece
262 3780 420 3849 phencnam
440 3778 463 3849 Η·
484 3783 504 3830 S
526 3776 538 3847 Η
561 3782 595 3835 10
608 3779 754 3833 sterelisS
776 3777 788 3845 ΙΙ
810 3780 843 3832 11
864 3778 995 3830 diurnas
1014 3779 1027 3847 Η
1049 3779 1178 3832 diuturna
1195 3781 1271 3831 luta.

162 3875 175 3947 Η
197 3876 295 3946 ph’oll
312 3880 332 3928 S
353 3875 366 3946 Η
389 3878 423 3930 12
439 3869 577 3944 igressum
598 3877 635 3943 (m
653 3877 733 3927 lusia·
748 3877 896 3942 trarusp'ru)
916 3880 936 3928 S
958 3874 971 3947 Η
992 3859 1018 3928 nl
1036 3880 1057 3927 S
1078 3875 1090 3946 ll
1111 3877 1146 3930 14
1163 3859 1191 3929 nl
1212 3880 1232 3926 S
1256 3874 1270 3946 Η

161 3966 195 4018 16
212 3964 318 4033 pheton
336 3968 357 4015 S
379 3962 390 4032 Η
412 3965 528 4016 ueniens
547 3968 567 4015 S
582 3973 710 4030 rapertus
731 3963 825 4016 nitens
845 3967 887 4015 recl
906 3967 992 4015 sinrile
1007 3967 1069 4032 quid
1090 3962 1102 4032 Η
1123 3966 1158 4019 20
1176 3963 1272 4032 piroys

162 4057 182 4103 S
202 4050 216 4120 Η
236 4052 270 4106 21
289 4052 385 4122 spacio
404 4055 425 4102 S
446 4049 459 4121 Η
481 4050 567 4104 habet
584 4055 605 4102 S
626 4050 640 4121 Η
660 4052 758 4105 haeret
779 4051 916 4103 Censoris.
937 4049 951 4120 Η
975 4053 1010 4106 23
1028 4051 1103 4121 perit
1120 4055 1141 4102 S
1167 4049 1180 4118 Η
1207 4050 1273 4103 ferit

163 4142 270 4204 Carrio,
290 4158 323 4190 uu
337 4137 457 4209 perdit?
478 4138 490 4205 Η
511 4138 547 4191 24
565 4137 667 4192 dicitur
686 4138 710 4205 ··Ι
730 4137 803 4191 idem
824 4136 859 4206 (·1·
879 4141 907 4189 in
920 4142 1039 4205 nrurpiar
1053 4138 1127 4191 idem
1141 4138 1237 4202 <tells
1256 4133 1271 4204 Η

161 4225 225 4293 251
245 4226 320 4279 sedis
340 4226 410 4280 lueis
430 4231 450 4279 S
470 4224 484 4295 Η
506 4225 566 4278 sole
585 4231 606 4277 S
627 4224 639 4296 Η
660 4228 696 4281 26
715 4225 859 4280 luciferum
878 4232 911 4279 cu
929 4223 965 4279 uc
984 4229 1005 4277 S
1025 4224 1039 4297 Η
