2948 5010
517 405 870 471 ...156-

159 573 186 641 S
198 576 311 653 torque
325 571 467 655 Iuppiter
489 572 583 637 astris
606 591 677 636 eum
699 570 845 637 intulisse
869 570 995 653 dicitur,
1018 568 1107 651 quod
1122 569 1192 636 eius
1209 590 1310 655 opera

199 679 244 743 dii
266 680 380 744 armati
401 687 516 764 essent,
539 681 614 746 item
636 685 771 744 matrem
795 678 863 744 cius
887 698 1026 762 capram.
1051 684 1083 744 et
1105 679 1192 760 quod
1215 679 1309 746 coch-

198 789 253 853 lon
274 788 451 854 inuenisset
471 789 505 853 in
527 790 617 867 mari,
640 787 714 852 ideo
737 787 833 871 piscis
856 787 961 857 cauda
977 808 1050 855 esse
1065 782 1228 853 notatum.⁵
1254 787 1310 852 Ni-

199 896 305 978 gidius
328 896 368 961 de
391 898 577 980 capricorno
600 897 648 962 sic
669 896 781 988 refert:
816 897 979 962 inmortali
1000 898 1123 963 honore
1146 895 1308 975 donatum,

174 1026 262 1087 equo
284 1004 318 1068 in
340 1010 485 1089 tempore
499 1005 638 1090 Typhon
659 1006 692 1069 in
713 1010 819 1070 monte
834 1008 941 1071 Tauro
965 1007 1152 1091 speluncam
1175 1005 1310 1072 haberet

197 1119 229 1180 et
245 1117 426 1200 Aegyptum
441 1114 604 1180 incoleret.
627 1121 662 1179 at
682 1116 792 1180 Iouem
816 1135 1004 1182 consessum
1026 1114 1188 1200 habuisse,
1214 1136 1308 1198 quem

198 1225 241 1288 ad
270 1225 399 1289 modum
430 1223 475 1288 dii
502 1205 634 1307 possent
661 1225 830 1300 obsistere,
865 1244 935 1288 cum
968 1224 1016 1288 eis
1043 1223 1211 1288 consilium
1240 1225 1310 1290 Pan

198 1334 305 1409 daret,
334 1332 362 1397 si
389 1351 493 1415 neque
522 1338 625 1398 terras
653 1334 832 1416 relinquere
860 1333 982 1399 uellent
1009 1352 1115 1414 neque
1142 1334 1310 1420 Typhonis

201 1441 382 1506 inmanitati
403 1440 552 1506 resistere
576 1442 620 1506 dii
642 1448 783 1525 possent,
807 1446 842 1505 ut
865 1442 1007 1505 consulte
1030 1441 1150 1526 figuras
1172 1443 1310 1508 inmuta

165 1575 190 1614 ιο
202 1557 280 1634 rent,
303 1551 336 1614 in
361 1571 456 1632 quam
473 1549 544 1632 quis
567 1551 664 1617 uellet
678 1570 735 1615 seu
750 1551 886 1615 bestiam
910 1570 966 1614 seu
981 1551 1146 1616 uolucrem
1167 1571 1224 1618 seu
1247 1551 1311 1636 pis·

201 1679 269 1724 cem
291 1659 499 1743 pecudemue.
544 1660 633 1724 Pana
661 1679 696 1724 se
718 1661 751 1723 in
775 1681 903 1743 capram
925 1664 1167 1725 transmutasse.
1201 1661 1311 1744 itaque

199 1769 384 1833 inmortales
408 1769 516 1853 figuris
538 1769 655 1853 ignotis
676 1768 843 1854 Typhonis
871 1776 945 1835 ante
968 1770 1079 1835 oculos
1102 1772 1214 1836 crebro
1238 1790 1311 1837 uer-

200 1878 361 1941 sabantur.
396 1878 481 1941 unde
509 1876 613 1942 adhuc
640 1876 779 1948 maxime
801 1876 920 1942 multas
942 1878 1063 1944 bestias
1084 1899 1143 1961 pro
1166 1879 1230 1946 diis
1254 1881 1311 1946 oh-

199 1991 329 2049 seruant
352 1986 523 2068 coluntque
538 1987 708 2074 “Aegyptii
743 2007 782 2051 eo
805 1987 955 2051 conuenit
976 1988 1125 2073 Typhon,
1148 1981 1312 2055 nerninem

163 2123 186 2158 15
201 2093 332 2158 deorum
354 2096 416 2160 sihi
437 2095 526 2160 uidet
548 2096 723 2174 aduersari,
748 2116 885 2162 uacuam
899 2101 1015 2162 terram
1032 2097 1184 2181 cognonit
1207 2096 1311 2164 domi-

162 2281 304 2364 Gtahat,
332 2286 363 2345 et
384 2282 585 2347 adiuuenerit
611 2282 779 2366 concham,
809 2302 849 2346 ex
878 2283 968 2348 cuius
992 2285 1099 2350 sonitu
1122 2283 1232 2359 hostes
1256 2303 1311 2349 ex-

199 2390 344 2453 torruerit
364 2397 461 2473 atque
483 2392 649 2476 fugauerit.
686 2411 780 2473 quem
802 2392 889 2458 illine
913 2394 1048 2459 caudam
1070 2392 1168 2476 piscis
1190 2393 1310 2459 hahere

199 2496 323 2578 fingunt
350 2504 480 2582 propter
509 2502 665 2565 marinam
692 2502 843 2581 caudam,
874 2502 915 2567 de
938 2523 1002 2586 qua
1027 2502 1163 2585 praefati
1189 2522 1309 2568 sumus.

199 2606 296 2670 habet
317 2607 427 2673 stellas
441 2609 461 2650 *
474 2609 494 2650 *
507 2611 527 2652 i

160 2786 182 2835 S
236 2779 251 2832 1
271 2794 384 2851 operam
403 2783 424 2832 S
444 2778 457 2849 Η
478 2783 494 2836 2
514 2783 543 2834 et
561 2799 609 2833 om.
628 2787 651 2834 V
669 2780 683 2853 Η
703 2781 816 2837 dicolon
835 2786 856 2835 S
876 2781 889 2852 Η
911 2781 1031 2852 dycolon
1055 2786 1077 2834 V
1096 2779 1109 2850 Η
1129 2780 1309 2838 3.inuenisse

200 2864 257 2935 8Η
276 2881 350 2919 mare
370 2869 390 2916 S
410 2863 424 2937 Η
446 2881 512 2920 esse
532 2886 582 2919 om.
600 2873 623 2919 V
642 2866 654 2938 Η
674 2872 803 2922 uocatum
821 2873 842 2919 S
862 2867 876 2938 Η
896 2872 1019 2922 notatam
1037 2875 1060 2922 V
1077 2868 1091 2939 Η
1110 2867 1246 2938 Nigidius
1265 2885 1308 2925 os·

200 2952 358 3022 pricornum
376 2955 463 3008 refert
485 2959 506 3007 V
531 2953 545 3024 Η
573 2953 756 3009 4immortali
780 2960 801 3008 V
824 2954 837 3024 Η
866 2955 1045 3010 5Pith0ns
1074 2954 1088 3027 Η
1116 2955 1231 3025 Phyton
1255 2953 1307 3028 Vll

201 3043 218 3095 6
237 3044 366 3111 egyptum
382 3051 400 3094 s
420 3041 433 3111 Η
454 3044 564 3111 egytum
584 3046 605 3094 V
624 3038 638 3109 Η
657 3033 815 3106 ycolcretS
836 3040 850 3112 Η
870 3041 905 3094 ab
924 3042 992 3096 Ioue
1012 3058 1179 3097 concessum
1197 3043 1307 3098 habuis·

201 3130 247 3180 set
263 3131 313 3179 SV
330 3125 343 3197 Η
364 3132 394 3180 at
412 3128 507 3181 Iouem
526 3141 690 3179 consessum
709 3127 843 3182 hahuisse
862 3132 959 3194 scripsi
978 3125 992 3199 Η
1013 3130 1029 3183 'i
1048 3128 1104 3183 diis
1121 3130 1218 3200 possit
1236 3129 1307 3186 absi·

202 3216 277 3266 sterc
296 3217 317 3264 8
342 3211 355 3282 Η
384 3213 439 3265 diis
457 3215 558 3282 posset
576 3212 715 3266 obsistere
740 3219 762 3265 V
785 3213 798 3286 Η
824 3214 863 3268 dii
881 3219 1001 3286 possent
1019 3215 1159 3269 obsistere
1178 3221 1276 3284 scripsi
1293 3215 1306 3287 Η

199 3298 338 3368 panderet
355 3304 404 3352 SV
423 3298 436 3369 Η
456 3302 473 3354 8
492 3295 555 3368 siim
573 3303 594 3351 S
614 3297 628 3370 Η
648 3299 779 3353 Pithonis
798 3305 819 3352 S
839 3299 853 3370 Η
872 3301 1010 3370 Phytonis
1028 3307 1050 3353 V
1068 3299 1084 3372 Η
1103 3304 1120 3356 9
1137 3301 1306 3359 immanitate

205 3391 227 3437 V
245 3384 258 3456 Η
279 3389 397 3457 possent
415 3386 571 3439 inconsulte
584 3390 634 3438 SV
652 3384 665 3456 Η
685 3387 898 3440 immutauerunt
913 3392 935 3438 V
953 3387 966 3456 Η
987 3389 1021 3443 10
1033 3388 1061 3440 in
1074 3404 1130 3457 qus
1148 3395 1170 3441 V
1188 3388 1202 3459 Η
1223 3391 1255 3444 11
1268 3389 1306 3460 pi·

199 3471 268 3525 thon
285 3477 306 3525 S
327 3471 340 3543 Η
359 3474 473 3543 Phyton
497 3478 637 3526 Vccrrcsci
658 3474 670 3543 Η
690 3477 908 3528 transmutasset
931 3479 954 3525 V
971 3472 984 3545 Η
1005 3474 1040 3527 12
1057 3474 1232 3530 immortales
1255 3474 1305 3546 Vll

198 3558 323 3628 pithonis
342 3564 363 3612 S
388 3560 401 3629 Η
425 3559 557 3631 phytonis
581 3566 603 3612 V
627 3560 640 3632 Η
666 3561 782 3627 cerebro
800 3565 821 3612 S
841 3557 855 3630 Η
876 3561 911 3614 14
929 3561 1028 3632 egiptii
1047 3565 1068 3614 S
1088 3561 1102 3632 Η
1122 3563 1232 3632 egyptii
1255 3560 1304 3631 Vll

200 3646 331 3699 conuenit
347 3650 369 3698 S
389 3650 452 3716 linet
471 3647 603 3699 conuenit
625 3652 647 3698 V
666 3646 679 3715 Η
700 3662 734 3699 eo
754 3647 886 3701 conuenit
903 3653 1000 3714 scripsi
1019 3665 1055 3700 es
1071 3650 1152 3700 schol.
1167 3652 1257 3704 Busil.
1268 3656 1307 3713 ss,

197 3739 216 3782 a
237 3730 250 3802 Η
271 3733 304 3788 15
323 3733 437 3787 deornm
456 3731 600 3786 aduersari
619 3733 734 3786 sibimet
754 3739 777 3785 V
795 3731 808 3803 Η
828 3734 883 3787 sihi
901 3738 998 3801 scripsi
1023 3731 1037 3804 Η
1063 3737 1166 3788 terrem
1185 3754 1236 3788 om.
1255 3731 1305 3804 Vll

200 3815 379 3874 dictionibus
403 3826 426 3873 V
443 3818 457 3889 Η
1293 3830 1299 3837 “

163 3942 186 3989 G
235 3932 269 3986 16
287 3935 310 3984 ἃ
329 3930 365 3984 ad
383 3931 523 3985 inuenerit
541 3929 630 3984 candit
651 3931 674 3983 G
695 3931 708 4000 Η
729 3930 892 3986 &adiuerit
911 3911 1004 4003 enodis
1024 3932 1114 3986 G⁶G⁶¹
1136 3931 1151 4003 Η
1176 3933 1213 3986 ad
1232 3933 1306 3988 inue-

199 4013 272 4071 nerit
291 4017 362 4071 code
382 4016 432 4070 GM
450 4016 464 4089 Η
485 4018 619 4071 concham
638 4022 734 4086 scripsi
755 4017 768 4088 Η
789 4020 822 4073 17
840 4019 900 4073 illic
920 4017 1025 4072 &0⁶0⁶
1045 4018 1058 4090 Η
1080 4019 1158 4073 illinc
1176 4024 1274 4089 scripsi
1293 4017 1306 4090 Η

199 4103 290 4158 cende
304 4101 394 4156 GVGM
415 4103 428 4175 Η
449 4108 484 4161 18
502 4105 582 4159 cocle
597 4105 635 4156 0⁶
656 4102 670 4174 Η
690 4104 839 4175 michoi
861 4104 874 4175 Η
894 4121 949 4174 quo
965 4103 1042 4158 (4⁰6⁶
1063 4103 1077 4176 Η
1098 4105 1306 4163 OAPRIOOR·

143 4229 145 4233 -
198 4189 278 4246 NVS
298 4191 396 4246 subscr.
418 4192 443 4244 G
462 4189 476 4261 Η
496 4195 637 4259 inrupissent
655 4192 786 4260 praeheret
807 4190 912 4246 &6⁸0⁶
933 4190 947 4261 Η
