<?xml version="1.0" encoding="UTF-8"?>
<!DOCTYPE html PUBLIC "-//W3C//DTD XHTML 1.0 Transitional//EN"
    "http://www.w3.org/TR/xhtml1/DTD/xhtml1-transitional.dtd">
<html xmlns="http://www.w3.org/1999/xhtml" xml:lang="en" lang="en">
 <head>
  <title>
</title>
<meta http-equiv="Content-Type" content="text/html;charset=utf-8" />
  <meta name='ocr-system' content='tesseract 3.04.00' />
  <meta name='ocr-capabilities' content='ocr_page ocr_carea ocr_par ocr_line ocrx_word'/>
</head>
<body>
  <div class='ocr_page' id='page_1' title='image "./germanicicaesar00breygoog_0099.png"; bbox 0 0 2948 5010; ppageno 0'>
   <div class='ocr_carea' id='block_1_1' title="bbox 643 407 858 472">
    <p class='ocr_par' dir='ltr' id='par_1_1' title="bbox 643 407 858 472">
     <span class='ocr_line' id='line_1_1' title="bbox 643 407 858 472; baseline 0.005 -18"><span class='ocrx_word' id='word_1_1' title='bbox 643 407 858 472; x_wconf 77' lang='lat'>..53-</span> 
     </span>
    </p>
   </div>
   <div class='ocr_carea' id='block_1_2' title="bbox 160 573 1305 2517">
    <p class='ocr_par' dir='ltr' id='par_1_2' title="bbox 195 573 1302 994">
     <span class='ocr_line' id='line_1_2' title="bbox 195 573 1301 658; baseline 0 -15"><span class='ocrx_word' id='word_1_2' title='bbox 195 577 351 644; x_wconf 89' lang='lat' dir='ltr'><strong>aduersus</strong></span> <span class='ocrx_word' id='word_1_3' title='bbox 378 578 494 645; x_wconf 86' lang='lat' dir='ltr'><strong>delicta</strong></span> <span class='ocrx_word' id='word_1_4' title='bbox 515 573 653 643; x_wconf 83' lang='lat' dir='ltr'><strong>‘lenem’</strong></span> <span class='ocrx_word' id='word_1_5' title='bbox 707 576 765 642; x_wconf 89' lang='lat' dir='ltr'><strong>sed</strong></span> <span class='ocrx_word' id='word_1_6' title='bbox 792 576 941 658; x_wconf 88' lang='lat' dir='ltr'><strong>quoniam</strong></span> <span class='ocrx_word' id='word_1_7' title='bbox 968 577 1108 642; x_wconf 92' lang='lat' dir='ltr'><strong>omnium</strong></span> <span class='ocrx_word' id='word_1_8' title='bbox 1142 577 1176 642; x_wconf 91' lang='lat' dir='ltr'><strong>in</strong></span> <span class='ocrx_word' id='word_1_9' title='bbox 1202 582 1301 643; x_wconf 89' lang='lat' dir='ltr'><strong>totum</strong></span> 
     </span>
     <span class='ocr_line' id='line_1_3' title="bbox 195 685 1302 773; baseline 0.001 -22"><span class='ocrx_word' id='word_1_10' title='bbox 195 687 351 752; x_wconf 92' lang='lat' dir='ltr'><strong>bonorum</strong></span> <span class='ocrx_word' id='word_1_11' title='bbox 374 695 510 773; x_wconf 82' lang='lat' dir='ltr'><strong>causast,</strong></span> <span class='ocrx_word' id='word_1_12' title='bbox 533 687 761 752; x_wconf 82' lang='lat' dir='ltr'><strong>rationabiliter</strong></span> <span class='ocrx_word' id='word_1_13' title='bbox 783 692 815 750; x_wconf 88' lang='lat' dir='ltr'><strong>ct</strong></span> <span class='ocrx_word' id='word_1_14' title='bbox 829 685 969 749; x_wconf 91' lang='lat' dir='ltr'><strong>omnium</strong></span> <span class='ocrx_word' id='word_1_15' title='bbox 984 706 1100 769; x_wconf 87' lang='lat' dir='ltr'><strong>parcns</strong></span> <span class='ocrx_word' id='word_1_16' title='bbox 1115 686 1302 753; x_wconf 83' lang='lat' dir='ltr'><strong>adfirmatur</strong></span> 
     </span>
     <span class='ocr_line' id='line_1_4' title="bbox 197 795 989 863; baseline -0.005 0"><span class='ocrx_word' id='word_1_17' title='bbox 197 802 229 863; x_wconf 87' lang='lat' dir='ltr'><strong>et</strong></span> <span class='ocrx_word' id='word_1_18' title='bbox 249 817 315 862; x_wconf 91' lang='lat' dir='ltr'><strong>non</strong></span> <span class='ocrx_word' id='word_1_19' title='bbox 336 797 439 861; x_wconf 91' lang='lat' dir='ltr'><strong>solum</strong></span> <span class='ocrx_word' id='word_1_20' title='bbox 462 797 625 863; x_wconf 90' lang='lat' dir='ltr'><strong>bominum</strong></span> <span class='ocrx_word' id='word_1_21' title='bbox 647 797 705 863; x_wconf 93' lang='lat' dir='ltr'><strong>sed</strong></span> <span class='ocrx_word' id='word_1_22' title='bbox 728 797 823 862; x_wconf 90' lang='lat' dir='ltr'><strong>etiam</strong></span> <span class='ocrx_word' id='word_1_23' title='bbox 846 795 989 860; x_wconf 91' lang='lat' dir='ltr'><strong>deorum.</strong></span> 
     </span>
     <span class='ocr_line' id='line_1_5' title="bbox 215 905 603 994; baseline 0 -24"><span class='ocrx_word' id='word_1_24' title='bbox 215 988 217 992; x_wconf 23' lang='grc' dir='ltr'>Ι</span> <span class='ocrx_word' id='word_1_25' title='bbox 282 905 396 971; x_wconf 79' lang='lat' dir='ltr'>Cetera</span> <span class='ocrx_word' id='word_1_26' title='bbox 418 926 502 988; x_wconf 87' lang='lat' dir='ltr'><strong>quae</strong></span> <span class='ocrx_word' id='word_1_27' title='bbox 524 906 603 994; x_wconf 86' lang='lat' dir='ltr'><strong>toto]</strong></span> 
     </span>
    </p>

    <p class='ocr_par' dir='ltr' id='par_1_3' title="bbox 171 1012 1301 1537">
     <span class='ocr_line' id='line_1_6' title="bbox 171 1012 1300 1102; baseline 0.004 -29"><span class='ocrx_word' id='word_1_28' title='bbox 171 1037 183 1073; x_wconf 80' lang='lat'>⁵</span> <span class='ocrx_word' id='word_1_29' title='bbox 280 1016 371 1079; x_wconf 90' lang='lat' dir='ltr'><strong>Hanc</strong></span> <span class='ocrx_word' id='word_1_30' title='bbox 385 1016 545 1081; x_wconf 83' lang='lat' dir='ltr'><strong>Hesiodus</strong></span> <span class='ocrx_word' id='word_1_31' title='bbox 567 1017 643 1081; x_wconf 90' lang='lat' dir='ltr'><strong>dicit</strong></span> <span class='ocrx_word' id='word_1_32' title='bbox 657 1014 818 1102; x_wconf 71' lang='lat' dir='ltr'><strong>Iiycaonis</strong></span> <span class='ocrx_word' id='word_1_33' title='bbox 840 1013 939 1077; x_wconf 84' lang='lat' dir='ltr'><strong>filiam</strong></span> <span class='ocrx_word' id='word_1_34' title='bbox 960 1013 993 1077; x_wconf 90' lang='lat' dir='ltr'><strong>in</strong></span> <span class='ocrx_word' id='word_1_35' title='bbox 1015 1012 1155 1078; x_wconf 85' lang='lat' dir='ltr'><strong>Arcadia</strong></span> <span class='ocrx_word' id='word_1_36' title='bbox 1176 1013 1300 1080; x_wconf 86' lang='lat' dir='ltr'><strong>solitam</strong></span> 
     </span>
     <span class='ocr_line' id='line_1_7' title="bbox 196 1122 1300 1206; baseline -0.002 -16"><span class='ocrx_word' id='word_1_37' title='bbox 196 1145 266 1190; x_wconf 88' lang='lat' dir='ltr'><strong>cum</strong></span> <span class='ocrx_word' id='word_1_38' title='bbox 288 1125 394 1189; x_wconf 90' lang='lat' dir='ltr'><strong>Diana</strong></span> <span class='ocrx_word' id='word_1_39' title='bbox 423 1126 534 1191; x_wconf 88' lang='lat' dir='ltr'><strong>uenari</strong></span> <span class='ocrx_word' id='word_1_40' title='bbox 559 1132 590 1191; x_wconf 91' lang='lat' dir='ltr'><strong>et</strong></span> <span class='ocrx_word' id='word_1_41' title='bbox 617 1128 649 1190; x_wconf 92' lang='lat' dir='ltr'><strong>in</strong></span> <span class='ocrx_word' id='word_1_42' title='bbox 677 1124 838 1189; x_wconf 92' lang='lat' dir='ltr'><strong>montibus</strong></span> <span class='ocrx_word' id='word_1_43' title='bbox 859 1122 987 1206; x_wconf 84' lang='lat' dir='ltr'><strong>uagari,</strong></span> <span class='ocrx_word' id='word_1_44' title='bbox 1017 1141 1100 1204; x_wconf 89' lang='lat' dir='ltr'><strong>quae</strong></span> <span class='ocrx_word' id='word_1_45' title='bbox 1127 1123 1241 1189; x_wconf 88' lang='lat' dir='ltr'><strong>uitiata</strong></span> <span class='ocrx_word' id='word_1_46' title='bbox 1261 1124 1300 1188; x_wconf 85' lang='lat' dir='ltr'><strong>ab</strong></span> 
     </span>
     <span class='ocr_line' id='line_1_8' title="bbox 195 1231 1300 1318; baseline -0.001 -21"><span class='ocrx_word' id='word_1_47' title='bbox 195 1235 273 1298; x_wconf 91' lang='lat' dir='ltr'><strong>Ioue</strong></span> <span class='ocrx_word' id='word_1_48' title='bbox 300 1234 452 1299; x_wconf 89' lang='lat' dir='ltr'><strong>celauerit</strong></span> <span class='ocrx_word' id='word_1_49' title='bbox 479 1234 627 1301; x_wconf 83' lang='lat' dir='ltr'><strong>Dianam.</strong></span> <span class='ocrx_word' id='word_1_50' title='bbox 677 1255 773 1318; x_wconf 90' lang='lat' dir='ltr'><strong>quam</strong></span> <span class='ocrx_word' id='word_1_51' title='bbox 801 1232 969 1314; x_wconf 87' lang='lat' dir='ltr'><strong>grauidam</strong></span> <span class='ocrx_word' id='word_1_52' title='bbox 996 1231 1115 1296; x_wconf 89' lang='lat' dir='ltr'><strong>nudam</strong></span> <span class='ocrx_word' id='word_1_53' title='bbox 1141 1233 1300 1300; x_wconf 89' lang='lat' dir='ltr'><strong>lauantem</strong></span> 
     </span>
     <span class='ocr_line' id='line_1_9' title="bbox 196 1339 1301 1425; baseline -0.002 -18"><span class='ocrx_word' id='word_1_54' title='bbox 196 1363 266 1407; x_wconf 89' lang='lat' dir='ltr'><strong>cum</strong></span> <span class='ocrx_word' id='word_1_55' title='bbox 289 1343 468 1425; x_wconf 73' lang='lat' dir='ltr'><strong>aspexisset</strong></span> <span class='ocrx_word' id='word_1_56' title='bbox 488 1343 570 1409; x_wconf 87' lang='lat' dir='ltr'><strong>irata</strong></span> <span class='ocrx_word' id='word_1_57' title='bbox 597 1344 660 1410; x_wconf 88' lang='lat' dir='ltr'><strong>dea</strong></span> <span class='ocrx_word' id='word_1_58' title='bbox 684 1343 829 1409; x_wconf 87' lang='lat' dir='ltr'><strong>efferauit</strong></span> <span class='ocrx_word' id='word_1_59' title='bbox 851 1363 932 1407; x_wconf 90' lang='lat' dir='ltr'><strong>eam.</strong></span> <span class='ocrx_word' id='word_1_60' title='bbox 967 1346 997 1404; x_wconf 91' lang='lat' dir='ltr'><strong>et</strong></span> <span class='ocrx_word' id='word_1_61' title='bbox 1019 1339 1094 1404; x_wconf 94' lang='lat' dir='ltr'><strong>dum</strong></span> <span class='ocrx_word' id='word_1_62' title='bbox 1118 1347 1206 1408; x_wconf 86' lang='lat' dir='ltr'><strong>esset</strong></span> <span class='ocrx_word' id='word_1_63' title='bbox 1228 1360 1301 1409; x_wconf 86' lang='lat' dir='ltr'><strong>ursa</strong></span> 
     </span>
     <span class='ocr_line' id='line_1_10' title="bbox 196 1448 1301 1537; baseline -0.002 -21"><span class='ocrx_word' id='word_1_64' title='bbox 196 1450 324 1516; x_wconf 87' lang='lat' dir='ltr'><strong>Arcada</strong></span> <span class='ocrx_word' id='word_1_65' title='bbox 352 1470 423 1517; x_wconf 91' lang='lat' dir='ltr'><strong>esse</strong></span> <span class='ocrx_word' id='word_1_66' title='bbox 451 1454 586 1518; x_wconf 84' lang='lat' dir='ltr'><strong>enixam.</strong></span> <span class='ocrx_word' id='word_1_67' title='bbox 631 1453 764 1537; x_wconf 87' lang='lat' dir='ltr'><strong>Amphis</strong></span> <span class='ocrx_word' id='word_1_68' title='bbox 792 1452 931 1516; x_wconf 90' lang='lat' dir='ltr'><strong>comicus</strong></span> <span class='ocrx_word' id='word_1_69' title='bbox 959 1448 1061 1533; x_wconf 86' lang='lat' dir='ltr'><strong>poeta</strong></span> <span class='ocrx_word' id='word_1_70' title='bbox 1074 1449 1173 1515; x_wconf 82' lang='lat' dir='ltr'>refert</span> <span class='ocrx_word' id='word_1_71' title='bbox 1194 1452 1301 1516; x_wconf 87' lang='lat' dir='ltr'><strong>Iouem</strong></span> 
     </span>
    </p>

    <p class='ocr_par' dir='ltr' id='par_1_4' title="bbox 160 1559 1304 2082">
     <span class='ocr_line' id='line_1_11' title="bbox 160 1559 1302 1645; baseline 0.004 -25"><span class='ocrx_word' id='word_1_72' title='bbox 160 1581 184 1620; x_wconf 83' lang='grc' dir='ltr'><strong>ιο</strong></span> <span class='ocrx_word' id='word_1_73' title='bbox 197 1560 320 1625; x_wconf 88' lang='lat' dir='ltr'><strong>Dianae</strong></span> <span class='ocrx_word' id='word_1_74' title='bbox 348 1560 452 1645; x_wconf 87' lang='lat' dir='ltr'><strong>effigie</strong></span> <span class='ocrx_word' id='word_1_75' title='bbox 485 1563 741 1645; x_wconf 88' lang='lat' dir='ltr'><strong>transfiguratum</strong></span> <span class='ocrx_word' id='word_1_76' title='bbox 768 1562 801 1625; x_wconf 93' lang='lat' dir='ltr'><strong>in</strong></span> <span class='ocrx_word' id='word_1_77' title='bbox 834 1560 1005 1625; x_wconf 89' lang='lat' dir='ltr'><strong>uenatione</strong></span> <span class='ocrx_word' id='word_1_78' title='bbox 1032 1559 1200 1624; x_wconf 81' lang='lat' dir='ltr'><strong>Callistum</strong></span> <span class='ocrx_word' id='word_1_79' title='bbox 1230 1580 1302 1624; x_wconf 92' lang='lat' dir='ltr'><strong>con-</strong></span> 
     </span>
     <span class='ocr_line' id='line_1_12' title="bbox 196 1665 1302 1756; baseline 0.001 -24"><span class='ocrx_word' id='word_1_80' title='bbox 196 1670 362 1754; x_wconf 84' lang='lat' dir='ltr'><strong>pressisse.</strong></span> <span class='ocrx_word' id='word_1_81' title='bbox 398 1671 539 1754; x_wconf 90' lang='lat' dir='ltr'><strong>tempore</strong></span> <span class='ocrx_word' id='word_1_82' title='bbox 562 1679 671 1755; x_wconf 86' lang='lat' dir='ltr'><strong>partus</strong></span> <span class='ocrx_word' id='word_1_83' title='bbox 693 1673 790 1756; x_wconf 93' lang='lat' dir='ltr'><strong>pleno</strong></span> <span class='ocrx_word' id='word_1_84' title='bbox 814 1691 884 1735; x_wconf 92' lang='lat' dir='ltr'><strong>cum</strong></span> <span class='ocrx_word' id='word_1_85' title='bbox 908 1674 1078 1734; x_wconf 79' lang='lat' dir='ltr'><strong>uexaretur</strong></span> <span class='ocrx_word' id='word_1_86' title='bbox 1092 1668 1219 1734; x_wconf 87' lang='lat' dir='ltr'><strong>Dianae</strong></span> <span class='ocrx_word' id='word_1_87' title='bbox 1239 1665 1302 1733; x_wconf 87' lang='lat' dir='ltr'><strong>cul-</strong></span> 
     </span>
     <span class='ocr_line' id='line_1_13' title="bbox 197 1778 1301 1862; baseline 0 -20"><span class='ocrx_word' id='word_1_88' title='bbox 197 1800 270 1862; x_wconf 91' lang='lat' dir='ltr'><strong>pam</strong></span> <span class='ocrx_word' id='word_1_89' title='bbox 303 1778 473 1845; x_wconf 88' lang='lat' dir='ltr'><strong>indicasse.</strong></span> <span class='ocrx_word' id='word_1_90' title='bbox 522 1781 635 1845; x_wconf 86' lang='lat' dir='ltr'><strong>iratam</strong></span> <span class='ocrx_word' id='word_1_91' title='bbox 668 1781 806 1845; x_wconf 87' lang='lat' dir='ltr'><strong>Dianam</strong></span> <span class='ocrx_word' id='word_1_92' title='bbox 838 1780 872 1843; x_wconf 91' lang='lat' dir='ltr'><strong>in</strong></span> <span class='ocrx_word' id='word_1_93' title='bbox 905 1799 1014 1844; x_wconf 90' lang='lat' dir='ltr'><strong>ursam</strong></span> <span class='ocrx_word' id='word_1_94' title='bbox 1047 1779 1301 1862; x_wconf 84' lang='lat' dir='ltr'><strong>transfigurasse.</strong></span> 
     </span>
     <span class='ocr_line' id='line_1_14' title="bbox 198 1887 1303 1972; baseline -0.001 -20"><span class='ocrx_word' id='word_1_95' title='bbox 198 1907 282 1969; x_wconf 90' lang='lat' dir='ltr'><strong>quae</strong></span> <span class='ocrx_word' id='word_1_96' title='bbox 308 1887 382 1951; x_wconf 94' lang='lat' dir='ltr'><strong>dum</strong></span> <span class='ocrx_word' id='word_1_97' title='bbox 410 1889 445 1952; x_wconf 91' lang='lat' dir='ltr'><strong>in</strong></span> <span class='ocrx_word' id='word_1_98' title='bbox 467 1891 624 1954; x_wconf 88' lang='lat' dir='ltr'><strong>montibus</strong></span> <span class='ocrx_word' id='word_1_99' title='bbox 646 1896 830 1972; x_wconf 89' lang='lat' dir='ltr'><strong>uagaretur‚</strong></span> <span class='ocrx_word' id='word_1_100' title='bbox 859 1909 878 1952; x_wconf 87' lang='lat' dir='ltr'><strong>a</strong></span> <span class='ocrx_word' id='word_1_101' title='bbox 906 1888 1097 1969; x_wconf 90' lang='lat' dir='ltr'><strong>quibusdam</strong></span> <span class='ocrx_word' id='word_1_102' title='bbox 1124 1887 1303 1972; x_wconf 89' lang='lat' dir='ltr'><strong>pastoribus</strong></span> 
     </span>
     <span class='ocr_line' id='line_1_15' title="bbox 198 1997 1304 2082; baseline 0.001 -22"><span class='ocrx_word' id='word_1_103' title='bbox 198 2016 408 2078; x_wconf 77' lang='lat' dir='ltr'><strong>conprensam</strong></span> <span class='ocrx_word' id='word_1_104' title='bbox 435 2019 505 2062; x_wconf 89' lang='lat' dir='ltr'><strong>eum</strong></span> <span class='ocrx_word' id='word_1_105' title='bbox 532 2020 630 2082; x_wconf 91' lang='lat' dir='ltr'><strong>puero</strong></span> <span class='ocrx_word' id='word_1_106' title='bbox 659 2005 691 2062; x_wconf 90' lang='lat' dir='ltr'><strong>et</strong></span> <span class='ocrx_word' id='word_1_107' title='bbox 711 1997 894 2082; x_wconf 75' lang='lat' dir='ltr'><strong>perductam</strong></span> <span class='ocrx_word' id='word_1_108' title='bbox 923 1998 965 2061; x_wconf 92' lang='lat' dir='ltr'><strong>ad</strong></span> <span class='ocrx_word' id='word_1_109' title='bbox 992 2000 1188 2082; x_wconf 88' lang='lat' dir='ltr'><strong>Lycaonem.</strong></span> <span class='ocrx_word' id='word_1_110' title='bbox 1232 2001 1304 2080; x_wconf 90' lang='lat' dir='ltr'><strong>post</strong></span> 
     </span>
    </p>

    <p class='ocr_par' dir='ltr' id='par_1_5' title="bbox 161 2105 1305 2517">
     <span class='ocr_line' id='line_1_16' title="bbox 161 2105 1304 2193; baseline 0.003 -27"><span class='ocrx_word' id='word_1_111' title='bbox 161 2129 184 2166; x_wconf 77' lang='lat' dir='ltr'><strong>u,</strong></span> <span class='ocrx_word' id='word_1_112' title='bbox 198 2110 322 2187; x_wconf 90' lang='lat' dir='ltr'><strong>tempus</strong></span> <span class='ocrx_word' id='word_1_113' title='bbox 343 2105 376 2168; x_wconf 92' lang='lat' dir='ltr'><strong>in</strong></span> <span class='ocrx_word' id='word_1_114' title='bbox 398 2109 518 2193; x_wconf 88' lang='lat' dir='ltr'><strong>Lycaei</strong></span> <span class='ocrx_word' id='word_1_115' title='bbox 539 2109 625 2173; x_wconf 91' lang='lat' dir='ltr'><strong>louis</strong></span> <span class='ocrx_word' id='word_1_116' title='bbox 647 2108 765 2191; x_wconf 92' lang='lat' dir='ltr'><strong>templo</strong></span> <span class='ocrx_word' id='word_1_117' title='bbox 783 2107 1019 2188; x_wconf 84' lang='lat' dir='ltr'><strong>confugientem</strong></span> <span class='ocrx_word' id='word_1_118' title='bbox 1042 2127 1114 2172; x_wconf 92' lang='lat' dir='ltr'><strong>cum</strong></span> <span class='ocrx_word' id='word_1_119' title='bbox 1137 2105 1232 2193; x_wconf 86' lang='lat' dir='ltr'><strong>[eam]</strong></span> <span class='ocrx_word' id='word_1_120' title='bbox 1247 2105 1304 2170; x_wconf 86' lang='lat' dir='ltr'><strong>Ar-</strong></span> 
     </span>
     <span class='ocr_line' id='line_1_17' title="bbox 198 2213 1303 2300; baseline 0.001 -23"><span class='ocrx_word' id='word_1_121' title='bbox 198 2234 252 2278; x_wconf 90' lang='lat' dir='ltr'><strong>cas</strong></span> <span class='ocrx_word' id='word_1_122' title='bbox 279 2213 363 2279; x_wconf 89' lang='lat' dir='ltr'><strong>filius</strong></span> <span class='ocrx_word' id='word_1_123' title='bbox 391 2224 649 2300; x_wconf 77' lang='lat' dir='ltr'><strong>prosequeretur,</strong></span> <span class='ocrx_word' id='word_1_124' title='bbox 673 2217 728 2283; x_wconf 89' lang='lat' dir='ltr'><strong>ubi</strong></span> <span class='ocrx_word' id='word_1_125' title='bbox 756 2216 849 2282; x_wconf 89' lang='lat' dir='ltr'><strong>nefas</strong></span> <span class='ocrx_word' id='word_1_126' title='bbox 877 2222 945 2280; x_wconf 88' lang='lat' dir='ltr'><strong>erat</strong></span> <span class='ocrx_word' id='word_1_127' title='bbox 969 2216 1088 2281; x_wconf 88' lang='lat' dir='ltr'><strong>intrare</strong></span> <span class='ocrx_word' id='word_1_128' title='bbox 1109 2234 1182 2279; x_wconf 89' lang='lat' dir='ltr'><strong>eam</strong></span> <span class='ocrx_word' id='word_1_129' title='bbox 1210 2228 1239 2280; x_wconf 82' lang='lat' dir='ltr'><strong>ct</strong></span> <span class='ocrx_word' id='word_1_130' title='bbox 1263 2213 1303 2278; x_wconf 91' lang='lat' dir='ltr'><strong>ab</strong></span> 
     </span>
     <span class='ocr_line' id='line_1_18' title="bbox 197 2321 1305 2411; baseline -0.001 -24"><span class='ocrx_word' id='word_1_131' title='bbox 197 2322 376 2389; x_wconf 84' lang='lat' dir='ltr'><strong>Arcadibus</strong></span> <span class='ocrx_word' id='word_1_132' title='bbox 402 2327 525 2408; x_wconf 90' lang='lat' dir='ltr'><strong>utrique</strong></span> <span class='ocrx_word' id='word_1_133' title='bbox 551 2326 684 2391; x_wconf 88' lang='lat' dir='ltr'><strong>interfici</strong></span> <span class='ocrx_word' id='word_1_134' title='bbox 704 2333 848 2410; x_wconf 86' lang='lat' dir='ltr'><strong>possent,</strong></span> <span class='ocrx_word' id='word_1_135' title='bbox 875 2326 1018 2411; x_wconf 89' lang='lat' dir='ltr'><strong>Iuppiter</strong></span> <span class='ocrx_word' id='word_1_136' title='bbox 1043 2330 1197 2407; x_wconf 89' lang='lat' dir='ltr'><strong>utrosque</strong></span> <span class='ocrx_word' id='word_1_137' title='bbox 1224 2321 1305 2387; x_wconf 86' lang='lat' dir='ltr'><strong>caeli</strong></span> 
     </span>
     <span class='ocr_line' id='line_1_19' title="bbox 197 2432 1305 2517; baseline 0 -22"><span class='ocrx_word' id='word_1_138' title='bbox 197 2432 292 2496; x_wconf 88' lang='lat' dir='ltr'><strong>astris</strong></span> <span class='ocrx_word' id='word_1_139' title='bbox 320 2434 426 2497; x_wconf 91' lang='lat' dir='ltr'><strong>intulit</strong></span> <span class='ocrx_word' id='word_1_140' title='bbox 442 2455 647 2517; x_wconf 84' lang='lat' dir='ltr'><strong>ursumque</strong></span> <span class='ocrx_word' id='word_1_141' title='bbox 671 2455 741 2499; x_wconf 91' lang='lat' dir='ltr'><strong>eam</strong></span> <span class='ocrx_word' id='word_1_142' title='bbox 763 2435 949 2500; x_wconf 89' lang='lat' dir='ltr'><strong>nominauit.</strong></span> <span class='ocrx_word' id='word_1_143' title='bbox 985 2432 1120 2500; x_wconf 89' lang='lat' dir='ltr'><strong>Ouidius</strong></span> <span class='ocrx_word' id='word_1_144' title='bbox 1142 2453 1163 2496; x_wconf 92' lang='lat' dir='ltr'><strong>a</strong></span> <span class='ocrx_word' id='word_1_145' title='bbox 1181 2432 1305 2497; x_wconf 87' lang='lat' dir='ltr'><strong>Iunone</strong></span> 
     </span>
    </p>
   </div>
   <div class='ocr_carea' id='block_1_3' title="bbox 160 2540 1306 2739">
    <p class='ocr_par' dir='ltr' id='par_1_6' title="bbox 160 2540 1306 2739">
     <span class='ocr_line' id='line_1_20' title="bbox 199 2540 1306 2628; baseline 0 -23"><span class='ocrx_word' id='word_1_146' title='bbox 199 2541 239 2606; x_wconf 90' lang='lat' dir='ltr'><strong>ob</strong></span> <span class='ocrx_word' id='word_1_147' title='bbox 269 2541 438 2624; x_wconf 92' lang='lat' dir='ltr'><strong>pelicatum</strong></span> <span class='ocrx_word' id='word_1_148' title='bbox 463 2544 497 2607; x_wconf 91' lang='lat' dir='ltr'><strong>in</strong></span> <span class='ocrx_word' id='word_1_149' title='bbox 523 2564 631 2609; x_wconf 89' lang='lat' dir='ltr'><strong>ursam</strong></span> <span class='ocrx_word' id='word_1_150' title='bbox 658 2545 915 2628; x_wconf 88' lang='lat' dir='ltr'><strong>transfiguratam</strong></span> <span class='ocrx_word' id='word_1_151' title='bbox 942 2563 1014 2609; x_wconf 89' lang='lat' dir='ltr'><strong>eam</strong></span> <span class='ocrx_word' id='word_1_152' title='bbox 1046 2541 1164 2608; x_wconf 87' lang='lat' dir='ltr'><strong>scribit.</strong></span> <span class='ocrx_word' id='word_1_153' title='bbox 1209 2540 1306 2606; x_wconf 88' lang='lat' dir='ltr'><strong>habet</strong></span> 
     </span>
     <span class='ocr_line' id='line_1_21' title="bbox 160 2648 1306 2739; baseline 0.004 -29"><span class='ocrx_word' id='word_1_154' title='bbox 160 2648 309 2714; x_wconf 81' lang='lat' dir='ltr'><strong>matellas</strong></span> <span class='ocrx_word' id='word_1_155' title='bbox 338 2649 372 2714; x_wconf 92' lang='lat' dir='ltr'><strong>in</strong></span> <span class='ocrx_word' id='word_1_156' title='bbox 401 2653 503 2738; x_wconf 90' lang='lat' dir='ltr'><strong>capite</strong></span> <span class='ocrx_word' id='word_1_157' title='bbox 531 2660 652 2739; x_wconf 88' lang='lat' dir='ltr'><strong>septem</strong></span> <span class='ocrx_word' id='word_1_158' title='bbox 675 2655 761 2719; x_wconf 91' lang='lat' dir='ltr'><strong>etin</strong></span> <span class='ocrx_word' id='word_1_159' title='bbox 784 2654 919 2736; x_wconf 90' lang='lat' dir='ltr'><strong>singulis</strong></span> <span class='ocrx_word' id='word_1_160' title='bbox 942 2653 1060 2720; x_wconf 91' lang='lat' dir='ltr'><strong>umeris</strong></span> <span class='ocrx_word' id='word_1_161' title='bbox 1083 2648 1228 2732; x_wconf 87' lang='lat' dir='ltr'><strong>singulas</strong></span> <span class='ocrx_word' id='word_1_162' title='bbox 1250 2648 1306 2715; x_wconf 90' lang='lat' dir='ltr'><strong>ob-</strong></span> 
     </span>
    </p>
   </div>
   <div class='ocr_carea' id='block_1_4' title="bbox 96 2838 1307 3107">
    <p class='ocr_par' dir='ltr' id='par_1_7' title="bbox 96 2838 1307 3107">
     <span class='ocr_line' id='line_1_22' title="bbox 200 2838 1307 2921; baseline 0 -23"><span class='ocrx_word' id='word_1_163' title='bbox 200 2846 214 2898; x_wconf 93' lang='lat'>1</span> <span class='ocrx_word' id='word_1_164' title='bbox 233 2844 262 2899; x_wconf 91' lang='lat' dir='ltr'><strong>in</strong></span> <span class='ocrx_word' id='word_1_165' title='bbox 280 2845 348 2899; x_wconf 89' lang='lat' dir='ltr'><strong>Ioue</strong></span> <span class='ocrx_word' id='word_1_166' title='bbox 367 2866 379 2901; x_wconf 87' lang='grc' dir='ltr'><em>ε</em></span> <span class='ocrx_word' id='word_1_167' title='bbox 399 2847 413 2920; x_wconf 99' lang='grc' dir='ltr'>Η</span> <span class='ocrx_word' id='word_1_168' title='bbox 433 2849 450 2902; x_wconf 81' lang='lat'>2</span> <span class='ocrx_word' id='word_1_169' title='bbox 468 2864 568 2903; x_wconf 86' lang='lat' dir='ltr'><strong>causas</strong></span> <span class='ocrx_word' id='word_1_170' title='bbox 588 2854 611 2902; x_wconf 71' lang='lat' dir='ltr'><strong>a</strong></span> <span class='ocrx_word' id='word_1_171' title='bbox 629 2853 677 2902; x_wconf 74' lang='grc' dir='ltr'><strong>ΑΡ</strong></span> <span class='ocrx_word' id='word_1_172' title='bbox 694 2849 708 2921; x_wconf 95' lang='grc' dir='ltr'>Η</span> <span class='ocrx_word' id='word_1_173' title='bbox 729 2853 843 2905; x_wconf 87' lang='lat' dir='ltr'><strong>causast</strong></span> <span class='ocrx_word' id='word_1_174' title='bbox 860 2838 957 2918; x_wconf 75' lang='lat' dir='ltr'><strong>scripsi</strong></span> <span class='ocrx_word' id='word_1_175' title='bbox 977 2846 990 2920; x_wconf 95' lang='grc' dir='ltr'>Η</span> <span class='ocrx_word' id='word_1_176' title='bbox 1014 2849 1214 2916; x_wconf 75' lang='lat' dir='ltr'><strong>bpscecedaat</strong></span> <span class='ocrx_word' id='word_1_177' title='bbox 1235 2849 1307 2899; x_wconf 74' lang='lat' dir='ltr'><strong>Ger-</strong></span> 
     </span>
     <span class='ocr_line' id='line_1_23' title="bbox 96 2934 1307 3007; baseline 0.002 -23"><span class='ocrx_word' id='word_1_178' title='bbox 96 2956 100 2963; x_wconf 79' lang='lat'>,</span> <span class='ocrx_word' id='word_1_179' title='bbox 199 2936 295 2985; x_wconf 77' lang='lat' dir='ltr'><strong>maciei</strong></span> <span class='ocrx_word' id='word_1_180' title='bbox 313 2952 338 2986; x_wconf 84' lang='lat' dir='ltr'><strong>u.</strong></span> <span class='ocrx_word' id='word_1_181' title='bbox 355 2945 458 2989; x_wconf 76' lang='lat'><strong>17-64</strong></span> <span class='ocrx_word' id='word_1_182' title='bbox 475 2942 502 2988; x_wconf 82' lang='lat' dir='ltr'><strong>iu</strong></span> <span class='ocrx_word' id='word_1_183' title='bbox 521 2946 633 3005; x_wconf 83' lang='lat' dir='ltr'><strong>utroque</strong></span> <span class='ocrx_word' id='word_1_184' title='bbox 653 2941 740 2990; x_wconf 82' lang='lat' dir='ltr'><strong>codice</strong></span> <span class='ocrx_word' id='word_1_185' title='bbox 760 2934 775 3007; x_wconf 94' lang='grc' dir='ltr'>Η</span> <span class='ocrx_word' id='word_1_186' title='bbox 798 2939 904 2991; x_wconf 78' lang='lat' dir='ltr'><strong>Calcat.</strong></span> <span class='ocrx_word' id='word_1_187' title='bbox 923 2937 1085 3004; x_wconf 74' lang='lat' dir='ltr'><strong>lmptlropr.</strong></span> <span class='ocrx_word' id='word_1_188' title='bbox 1104 2938 1145 2990; x_wconf 82' lang='lat' dir='ltr'><strong>ed.</strong></span> <span class='ocrx_word' id='word_1_189' title='bbox 1163 2936 1307 2987; x_wconf 77' lang='lat' dir='ltr'><strong>Westem.</strong></span> 
     </span>
     <span class='ocr_line' id='line_1_24' title="bbox 198 3017 1306 3107; baseline 0.002 -36"><span class='ocrx_word' id='word_1_190' title='bbox 198 3026 288 3087; x_wconf 66' lang='lat' dir='ltr'><strong>pm</strong></span> <span class='ocrx_word' id='word_1_191' title='bbox 307 3024 642 3088; x_wconf 60' lang='lat' dir='ltr'><strong>applaudamus</strong></span> <span class='ocrx_word' id='word_1_192' title='bbox 668 3023 682 3095; x_wconf 97' lang='grc' dir='ltr'>Η</span> <span class='ocrx_word' id='word_1_193' title='bbox 706 3024 789 3078; x_wconf 86' lang='lat' dir='ltr'><strong>Hanc</strong></span> <span class='ocrx_word' id='word_1_194' title='bbox 808 3029 825 3078; x_wconf 80' lang='grc' dir='ltr'><strong>ἰ.</strong></span> <span class='ocrx_word' id='word_1_195' title='bbox 845 3042 867 3080; x_wconf 79' lang='lat' dir='ltr'><strong>e.</strong></span> <span class='ocrx_word' id='word_1_196' title='bbox 887 3042 977 3077; x_wconf 82' lang='lat' dir='ltr'><strong>arsam</strong></span> <span class='ocrx_word' id='word_1_197' title='bbox 995 3025 1122 3076; x_wconf 81' lang='lat' dir='ltr'><strong>maiorem</strong></span> <span class='ocrx_word' id='word_1_198' title='bbox 1142 3017 1156 3090; x_wconf 97' lang='grc' dir='ltr'>Η</span> <span class='ocrx_word' id='word_1_199' title='bbox 1180 3018 1306 3107; x_wconf 76' lang='lat' dir='ltr'><strong>hesidio·</strong></span> 
     </span>
    </p>
   </div>
   <div class='ocr_carea' id='block_1_5' title="bbox 200 3113 1310 3303">
    <p class='ocr_par' dir='ltr' id='par_1_8' title="bbox 200 3113 1310 3303">
     <span class='ocr_line' id='line_1_25' title="bbox 200 3113 1310 3214; baseline -0.001 -19"><span class='ocrx_word' id='word_1_200' title='bbox 200 3154 248 3193; x_wconf 80' lang='lat' dir='ltr'><strong>sus</strong></span> <span class='ocrx_word' id='word_1_201' title='bbox 267 3143 288 3191; x_wconf 79' lang='grc' dir='ltr'><em>Α</em></span> <span class='ocrx_word' id='word_1_202' title='bbox 311 3137 326 3209; x_wconf 93' lang='grc' dir='ltr'>Η</span> <span class='ocrx_word' id='word_1_203' title='bbox 344 3140 489 3198; x_wconf 85' lang='lat' dir='ltr'><strong>Hesiodus</strong></span> <span class='ocrx_word' id='word_1_204' title='bbox 509 3149 543 3214; x_wconf 75' lang='lat' dir='ltr'><strong>cf.</strong></span> <span class='ocrx_word' id='word_1_205' title='bbox 564 3150 673 3199; x_wconf 78' lang='lat' dir='ltr'><strong>Hesiodi</strong></span> <span class='ocrx_word' id='word_1_206' title='bbox 692 3149 789 3214; x_wconf 69' lang='lat' dir='ltr'><strong>fragm.</strong></span> <span class='ocrx_word' id='word_1_207' title='bbox 810 3147 850 3197; x_wconf 79' lang='lat' dir='ltr'><strong>ed.</strong></span> <span class='ocrx_word' id='word_1_208' title='bbox 870 3145 1065 3208; x_wconf 74' lang='lat' dir='ltr'><strong>Marksclteffel.</strong></span> <span class='ocrx_word' id='word_1_209' title='bbox 1084 3162 1112 3210; x_wconf 88' lang='lat' dir='ltr'><strong>p.</strong></span> <span class='ocrx_word' id='word_1_210' title='bbox 1125 3148 1178 3195; x_wconf 74' lang='lat'><strong>³6³</strong></span> <span class='ocrx_word' id='word_1_211' title='bbox 1198 3138 1213 3210; x_wconf 96' lang='grc' dir='ltr'>Η</span> <span class='ocrx_word' id='word_1_212' title='bbox 1230 3113 1310 3209; x_wconf 61' lang='lat' dir='ltr'><strong>dulcit</strong></span> 
     </span>
     <span class='ocr_line' id='line_1_26' title="bbox 200 3224 1308 3303; baseline 0.001 -25"><span class='ocrx_word' id='word_1_213' title='bbox 200 3225 253 3295; x_wconf 85' lang='grc' dir='ltr'><strong>ΡΗ</strong></span> <span class='ocrx_word' id='word_1_214' title='bbox 274 3227 393 3284; x_wconf 89' lang='lat' dir='ltr'><strong>licaonis</strong></span> <span class='ocrx_word' id='word_1_215' title='bbox 406 3236 428 3284; x_wconf 88' lang='lat' dir='ltr'>P</span> <span class='ocrx_word' id='word_1_216' title='bbox 442 3230 456 3302; x_wconf 94' lang='grc' dir='ltr'>Η</span> <span class='ocrx_word' id='word_1_217' title='bbox 477 3232 561 3288; x_wconf 84' lang='lat' dir='ltr'><strong>solitr‘r</strong></span> <span class='ocrx_word' id='word_1_218' title='bbox 580 3235 625 3284; x_wconf 76' lang='lat' dir='ltr'><strong>Ar&gt;</strong></span> <span class='ocrx_word' id='word_1_219' title='bbox 643 3229 657 3303; x_wconf 96' lang='grc' dir='ltr'>Η</span> <span class='ocrx_word' id='word_1_220' title='bbox 677 3233 788 3288; x_wconf 88' lang='lat' dir='ltr'><strong>solitam</strong></span> <span class='ocrx_word' id='word_1_221' title='bbox 807 3249 899 3300; x_wconf 71' lang='lat' dir='ltr'><strong>margo</strong></span> <span class='ocrx_word' id='word_1_222' title='bbox 918 3231 1066 3300; x_wconf 75' lang='lat' dir='ltr'><strong>rrpoprapbl</strong></span> <span class='ocrx_word' id='word_1_223' title='bbox 1085 3229 1275 3281; x_wconf 77' lang='lat' dir='ltr'><strong>Berclfrserrm&#39;a</strong></span> <span class='ocrx_word' id='word_1_224' title='bbox 1293 3224 1308 3298; x_wconf 96' lang='grc' dir='ltr'>Η</span> 
     </span>
    </p>
   </div>
   <div class='ocr_carea' id='block_1_6' title="bbox 199 3318 1311 4278">
    <p class='ocr_par' dir='ltr' id='par_1_9' title="bbox 199 3318 1311 4278">
     <span class='ocr_line' id='line_1_27' title="bbox 200 3318 1308 3408; baseline -0.01 -13"><span class='ocrx_word' id='word_1_225' title='bbox 200 3332 217 3386; x_wconf 83' lang='grc'><strong>6</strong></span> <span class='ocrx_word' id='word_1_226' title='bbox 235 3332 365 3385; x_wconf 73' lang='grc' dir='ltr'>ΠθῐῑθῐίΡ</span> <span class='ocrx_word' id='word_1_227' title='bbox 384 3331 397 3402; x_wconf 89' lang='grc' dir='ltr'>Η</span> <span class='ocrx_word' id='word_1_228' title='bbox 418 3338 435 3391; x_wconf 89' lang='grc'>8</span> <span class='ocrx_word' id='word_1_229' title='bbox 453 3341 483 3390; x_wconf 86' lang='lat' dir='ltr'><strong>et</strong></span> <span class='ocrx_word' id='word_1_230' title='bbox 501 3329 649 3391; x_wconf 77' lang='lat' dir='ltr'><strong>ferrauitd</strong></span> <span class='ocrx_word' id='word_1_231' title='bbox 673 3336 685 3408; x_wconf 96' lang='grc' dir='ltr'>Η</span> <span class='ocrx_word' id='word_1_232' title='bbox 705 3339 722 3392; x_wconf 89' lang='grc'>9</span> <span class='ocrx_word' id='word_1_233' title='bbox 741 3352 772 3390; x_wconf 90' lang='lat' dir='ltr'><strong>es</strong></span> <span class='ocrx_word' id='word_1_234' title='bbox 792 3337 955 3392; x_wconf 78' lang='lat' dir='ltr'><strong>setenixad</strong></span> <span class='ocrx_word' id='word_1_235' title='bbox 977 3331 991 3404; x_wconf 91' lang='grc' dir='ltr'>Η</span> <span class='ocrx_word' id='word_1_236' title='bbox 1008 3318 1054 3386; x_wconf 60' lang='grc' dir='ltr'><strong>οἷ</strong></span> <span class='ocrx_word' id='word_1_237' title='bbox 1067 3331 1190 3384; x_wconf 66' lang='lat' dir='ltr'><strong>enixa?</strong></span> <span class='ocrx_word' id='word_1_238' title='bbox 1206 3328 1221 3400; x_wconf 94' lang='grc' dir='ltr'>Η</span> <span class='ocrx_word' id='word_1_239' title='bbox 1241 3343 1308 3384; x_wconf 83' lang='lat' dir='ltr'><strong>esse</strong></span> 
     </span>
     <span class='ocr_line' id='line_1_28' title="bbox 201 3413 1307 3494; baseline -0.003 -23"><span class='ocrx_word' id='word_1_240' title='bbox 201 3418 309 3472; x_wconf 87' lang='lat' dir='ltr'><strong>enixam</strong></span> <span class='ocrx_word' id='word_1_241' title='bbox 328 3439 419 3489; x_wconf 75' lang='lat' dir='ltr'><strong>margo</strong></span> <span class='ocrx_word' id='word_1_242' title='bbox 434 3441 526 3490; x_wconf 70' lang='lat' dir='ltr'><strong>opopa.</strong></span> <span class='ocrx_word' id='word_1_243' title='bbox 541 3428 633 3477; x_wconf 80' lang='lat' dir='ltr'><strong>Berol.</strong></span> <span class='ocrx_word' id='word_1_244' title='bbox 655 3422 667 3493; x_wconf 91' lang='grc' dir='ltr'>Η</span> <span class='ocrx_word' id='word_1_245' title='bbox 687 3423 807 3494; x_wconf 81' lang='lat' dir='ltr'><strong>Amphis</strong></span> <span class='ocrx_word' id='word_1_246' title='bbox 827 3428 862 3492; x_wconf 69' lang='lat' dir='ltr'><strong>rs.</strong></span> <span class='ocrx_word' id='word_1_247' title='bbox 876 3423 991 3476; x_wconf 73' lang='lat' dir='ltr'><strong>dietbolt.</strong></span> <span class='ocrx_word' id='word_1_248' title='bbox 1003 3425 1040 3489; x_wconf 72' lang='lat' dir='ltr'><strong>fr.</strong></span> <span class='ocrx_word' id='word_1_249' title='bbox 1054 3437 1118 3472; x_wconf 86' lang='lat' dir='ltr'><strong>com.</strong></span> <span class='ocrx_word' id='word_1_250' title='bbox 1130 3421 1176 3470; x_wconf 87' lang='lat'><strong>111</strong></span> <span class='ocrx_word' id='word_1_251' title='bbox 1187 3420 1279 3483; x_wconf 69' lang='lat' dir='ltr'><strong>pase</strong></span> <span class='ocrx_word' id='word_1_252' title='bbox 1291 3413 1307 3484; x_wconf 95' lang='grc' dir='ltr'>Η</span> 
     </span>
     <span class='ocr_line' id='line_1_29' title="bbox 199 3501 1307 3583; baseline -0.005 -24"><span class='ocrx_word' id='word_1_253' title='bbox 199 3509 315 3576; x_wconf 80' lang='lat' dir='ltr'><strong>postera</strong></span> <span class='ocrx_word' id='word_1_254' title='bbox 327 3511 382 3578; x_wconf 80' lang='lat' dir='ltr'><strong>pA</strong></span> <span class='ocrx_word' id='word_1_255' title='bbox 398 3506 412 3579; x_wconf 96' lang='grc' dir='ltr'>Η</span> <span class='ocrx_word' id='word_1_256' title='bbox 432 3512 517 3579; x_wconf 72' lang='lat' dir='ltr'><strong>poeta</strong></span> <span class='ocrx_word' id='word_1_257' title='bbox 529 3511 615 3565; x_wconf 85' lang='lat' dir='ltr'><strong>refert</strong></span> <span class='ocrx_word' id='word_1_258' title='bbox 626 3517 649 3564; x_wconf 87' lang='lat' dir='ltr'><em>P</em></span> <span class='ocrx_word' id='word_1_259' title='bbox 662 3511 674 3583; x_wconf 96' lang='grc' dir='ltr'>Η</span> <span class='ocrx_word' id='word_1_260' title='bbox 695 3513 730 3568; x_wconf 86' lang='grc'><strong>10</strong></span> <span class='ocrx_word' id='word_1_261' title='bbox 742 3511 853 3579; x_wconf 84' lang='lat' dir='ltr'><strong>effigias</strong></span> <span class='ocrx_word' id='word_1_262' title='bbox 866 3513 888 3562; x_wconf 82' lang='grc' dir='ltr'><em>Δ</em></span> <span class='ocrx_word' id='word_1_263' title='bbox 904 3508 918 3580; x_wconf 94' lang='grc' dir='ltr'>Η</span> <span class='ocrx_word' id='word_1_264' title='bbox 939 3507 1117 3579; x_wconf 83' lang='lat' dir='ltr'><strong>oppressisse</strong></span> <span class='ocrx_word' id='word_1_265' title='bbox 1131 3501 1179 3574; x_wconf 87' lang='grc' dir='ltr'><strong>ΡΗ</strong></span> <span class='ocrx_word' id='word_1_266' title='bbox 1193 3501 1307 3556; x_wconf 81' lang='lat'><strong>140011-</strong></span> 
     </span>
     <span class='ocr_line' id='line_1_30' title="bbox 200 3592 1309 3668; baseline -0.004 -23"><span class='ocrx_word' id='word_1_267' title='bbox 200 3597 331 3662; x_wconf 73' lang='lat' dir='ltr'><strong>pressari</strong></span> <span class='ocrx_word' id='word_1_268' title='bbox 349 3592 361 3664; x_wconf 96' lang='grc' dir='ltr'>Η</span> <span class='ocrx_word' id='word_1_269' title='bbox 376 3611 565 3667; x_wconf 82' lang='lat' dir='ltr'><strong>compressam</strong></span> <span class='ocrx_word' id='word_1_270' title='bbox 579 3609 675 3651; x_wconf 73' lang='lat' dir='ltr'><strong>narsus.</strong></span> <span class='ocrx_word' id='word_1_271' title='bbox 689 3603 716 3651; x_wconf 77' lang='lat' dir='ltr'><strong>ie</strong></span> <span class='ocrx_word' id='word_1_272' title='bbox 729 3612 918 3668; x_wconf 85' lang='lat' dir='ltr'><strong>compressam</strong></span> <span class='ocrx_word' id='word_1_273' title='bbox 931 3597 964 3647; x_wconf 85' lang='lat' dir='ltr'><strong>P¹</strong></span> <span class='ocrx_word' id='word_1_274' title='bbox 978 3592 991 3664; x_wconf 95' lang='grc' dir='ltr'>Η</span> <span class='ocrx_word' id='word_1_275' title='bbox 1009 3605 1202 3663; x_wconf 84' lang='lat' dir='ltr'><strong>comprensam</strong></span> <span class='ocrx_word' id='word_1_276' title='bbox 1213 3607 1309 3657; x_wconf 69' lang='lat' dir='ltr'><strong>usurpo</strong></span> 
     </span>
     <span class='ocr_line' id='line_1_31' title="bbox 201 3676 1310 3757; baseline 0 -26"><span class='ocrx_word' id='word_1_277' title='bbox 201 3697 294 3747; x_wconf 75' lang='lat' dir='ltr'><strong>epops.</strong></span> <span class='ocrx_word' id='word_1_278' title='bbox 314 3685 405 3736; x_wconf 83' lang='lat' dir='ltr'><strong>Bercl.</strong></span> <span class='ocrx_word' id='word_1_279' title='bbox 426 3680 440 3753; x_wconf 95' lang='grc' dir='ltr'>Η</span> <span class='ocrx_word' id='word_1_280' title='bbox 460 3682 653 3753; x_wconf 72' lang='lat' dir='ltr'><strong>perducetad</strong></span> <span class='ocrx_word' id='word_1_281' title='bbox 675 3683 688 3757; x_wconf 95' lang='grc' dir='ltr'>Η</span> <span class='ocrx_word' id='word_1_282' title='bbox 708 3685 844 3756; x_wconf 88' lang='lat' dir='ltr'><strong>perducta</strong></span> <span class='ocrx_word' id='word_1_283' title='bbox 861 3690 884 3736; x_wconf 84' lang='lat' dir='ltr'><strong><em>P</em></strong></span> <span class='ocrx_word' id='word_1_284' title='bbox 901 3681 915 3753; x_wconf 82' lang='grc' dir='ltr'>Η</span> <span class='ocrx_word' id='word_1_285' title='bbox 935 3682 1090 3736; x_wconf 86' lang='lat' dir='ltr'><strong>liccaonem</strong></span> <span class='ocrx_word' id='word_1_286' title='bbox 1108 3684 1130 3730; x_wconf 88' lang='lat' dir='ltr'><em>P</em></span> <span class='ocrx_word' id='word_1_287' title='bbox 1148 3677 1161 3749; x_wconf 96' lang='grc' dir='ltr'>Η</span> <span class='ocrx_word' id='word_1_288' title='bbox 1181 3677 1216 3733; x_wconf 83' lang='lat'><strong>15</strong></span> <span class='ocrx_word' id='word_1_289' title='bbox 1233 3676 1310 3747; x_wconf 81' lang='lat' dir='ltr'><strong>lycsi</strong></span> 
     </span>
     <span class='ocr_line' id='line_1_32' title="bbox 200 3761 1310 3843; baseline 0 -25"><span class='ocrx_word' id='word_1_290' title='bbox 200 3765 273 3819; x_wconf 89' lang='lat' dir='ltr'><strong>iouis</strong></span> <span class='ocrx_word' id='word_1_291' title='bbox 292 3771 313 3818; x_wconf 83' lang='lat' dir='ltr'><em>A</em></span> <span class='ocrx_word' id='word_1_292' title='bbox 334 3767 347 3839; x_wconf 95' lang='grc' dir='ltr'>Η</span> <span class='ocrx_word' id='word_1_293' title='bbox 367 3770 495 3824; x_wconf 88' lang='lat' dir='ltr'><strong>liceiouis</strong></span> <span class='ocrx_word' id='word_1_294' title='bbox 514 3775 537 3822; x_wconf 87' lang='lat' dir='ltr'><em>P</em></span> <span class='ocrx_word' id='word_1_295' title='bbox 555 3772 568 3841; x_wconf 95' lang='grc' dir='ltr'>Η</span> <span class='ocrx_word' id='word_1_296' title='bbox 596 3773 758 3842; x_wconf 75' lang='lat' dir='ltr'><strong>confugiens</strong></span> <span class='ocrx_word' id='word_1_297' title='bbox 777 3776 823 3826; x_wconf 81' lang='grc' dir='ltr'><strong>ΑΡ</strong></span> <span class='ocrx_word' id='word_1_298' title='bbox 842 3770 855 3843; x_wconf 94' lang='grc' dir='ltr'>Η</span> <span class='ocrx_word' id='word_1_299' title='bbox 880 3768 1087 3837; x_wconf 83' lang='lat' dir='ltr'><strong>confugientem</strong></span> <span class='ocrx_word' id='word_1_300' title='bbox 1105 3765 1218 3818; x_wconf 71' lang='lat' dir='ltr'><strong>Batitas</strong></span> <span class='ocrx_word' id='word_1_301' title='bbox 1237 3761 1251 3833; x_wconf 95' lang='grc' dir='ltr'>Η</span> <span class='ocrx_word' id='word_1_302' title='bbox 1274 3764 1310 3818; x_wconf 86' lang='grc'><strong>16</strong></span> 
     </span>
     <span class='ocr_line' id='line_1_33' title="bbox 200 3852 1310 3930; baseline -0.005 -23"><span class='ocrx_word' id='word_1_303' title='bbox 200 3858 438 3923; x_wconf 62' lang='lat' dir='ltr'><strong>prsequeremr‘rr</strong></span> <span class='ocrx_word' id='word_1_304' title='bbox 460 3857 473 3926; x_wconf 94' lang='grc' dir='ltr'>Η</span> <span class='ocrx_word' id='word_1_305' title='bbox 493 3863 707 3930; x_wconf 87' lang='lat' dir='ltr'><strong>persequeretur</strong></span> <span class='ocrx_word' id='word_1_306' title='bbox 726 3865 748 3912; x_wconf 82' lang='lat' dir='ltr'><em>P</em></span> <span class='ocrx_word' id='word_1_307' title='bbox 765 3858 778 3930; x_wconf 93' lang='grc' dir='ltr'>Η</span> <span class='ocrx_word' id='word_1_308' title='bbox 798 3861 880 3913; x_wconf 81' lang='lat' dir='ltr'><strong>aerbo</strong></span> <span class='ocrx_word' id='word_1_309' title='bbox 898 3856 1032 3911; x_wconf 81' lang='lat' dir='ltr'><strong>ubi-eam</strong></span> <span class='ocrx_word' id='word_1_310' title='bbox 1050 3855 1172 3907; x_wconf 71' lang='lat' dir='ltr'><strong>hocloco</strong></span> <span class='ocrx_word' id='word_1_311' title='bbox 1192 3852 1310 3903; x_wconf 65' lang='lat' dir='ltr'><strong>detnsa</strong></span> 
     </span>
     <span class='ocr_line' id='line_1_34' title="bbox 201 3939 1311 4017; baseline -0.005 -25"><span class='ocrx_word' id='word_1_312' title='bbox 201 3951 228 3992; x_wconf 78' lang='lat' dir='ltr'><strong>es</strong></span> <span class='ocrx_word' id='word_1_313' title='bbox 247 3951 308 4006; x_wconf 78' lang='lat' dir='ltr'><strong>post</strong></span> <span class='ocrx_word' id='word_1_314' title='bbox 327 3943 533 4012; x_wconf 83' lang='lat' dir='ltr'><strong>confugientem</strong></span> <span class='ocrx_word' id='word_1_315' title='bbox 551 3950 675 4014; x_wconf 78' lang='lat' dir='ltr'><strong>paneade</strong></span> <span class='ocrx_word' id='word_1_316' title='bbox 692 3965 785 4001; x_wconf 68' lang='lat' dir='ltr'><strong>recuses</strong></span> <span class='ocrx_word' id='word_1_317' title='bbox 814 3945 829 4017; x_wconf 95' lang='grc' dir='ltr'>Η</span> <span class='ocrx_word' id='word_1_318' title='bbox 858 3962 919 3999; x_wconf 89' lang='lat' dir='ltr'><strong>eam</strong></span> <span class='ocrx_word' id='word_1_319' title='bbox 937 3947 1033 3998; x_wconf 81' lang='lat' dir='ltr'><strong>seclusi</strong></span> <span class='ocrx_word' id='word_1_320' title='bbox 1061 3939 1073 4011; x_wconf 97' lang='grc' dir='ltr'>Η</span> <span class='ocrx_word' id='word_1_321' title='bbox 1104 3955 1165 3993; x_wconf 86' lang='lat' dir='ltr'><strong>eam</strong></span> <span class='ocrx_word' id='word_1_322' title='bbox 1182 3953 1253 3991; x_wconf 77' lang='lat' dir='ltr'><strong>corr.</strong></span> <span class='ocrx_word' id='word_1_323' title='bbox 1273 3951 1311 3987; x_wconf 81' lang='lat' dir='ltr'><strong>ear</strong></span> 
     </span>
     <span class='ocr_line' id='line_1_35' title="bbox 201 4026 1308 4104; baseline -0.02 -2"><span class='ocrx_word' id='word_1_324' title='bbox 201 4043 264 4081; x_wconf 60' lang='lat'><strong>0³³1</strong></span> <span class='ocrx_word' id='word_1_325' title='bbox 281 4032 304 4079; x_wconf 77' lang='grc' dir='ltr'><strong><em>Ρ</em></strong></span> <span class='ocrx_word' id='word_1_326' title='bbox 322 4027 334 4099; x_wconf 89' lang='lat' dir='ltr'><strong>ll</strong></span> <span class='ocrx_word' id='word_1_327' title='bbox 356 4045 417 4083; x_wconf 77' lang='lat' dir='ltr'><strong>cum</strong></span> <span class='ocrx_word' id='word_1_328' title='bbox 436 4047 448 4083; x_wconf 84' lang='grc' dir='ltr'><em>ε</em></span> <span class='ocrx_word' id='word_1_329' title='bbox 468 4028 481 4101; x_wconf 84' lang='grc' dir='ltr'>Η</span> <span class='ocrx_word' id='word_1_330' title='bbox 502 4035 532 4084; x_wconf 81' lang='lat' dir='ltr'><strong>et</strong></span> <span class='ocrx_word' id='word_1_331' title='bbox 550 4036 643 4086; x_wconf 67' lang='lat' dir='ltr'><strong>usaue</strong></span> <span class='ocrx_word' id='word_1_332' title='bbox 663 4031 677 4104; x_wconf 85' lang='grc' dir='ltr'>Η</span> <span class='ocrx_word' id='word_1_333' title='bbox 698 4036 732 4090; x_wconf 84' lang='lat' dir='ltr'><strong>ra</strong></span> <span class='ocrx_word' id='word_1_334' title='bbox 752 4036 863 4087; x_wconf 69' lang='lat' dir='ltr'><strong>orsurus</strong></span> <span class='ocrx_word' id='word_1_335' title='bbox 881 4036 947 4086; x_wconf 76' lang='lat' dir='ltr'><strong>orer.</strong></span> <span class='ocrx_word' id='word_1_336' title='bbox 967 4036 998 4097; x_wconf 82' lang='lat' dir='ltr'><strong>rr</strong></span> <span class='ocrx_word' id='word_1_337' title='bbox 1010 4038 1062 4083; x_wconf 72' lang='lat' dir='ltr'><strong>scs</strong></span> <span class='ocrx_word' id='word_1_338' title='bbox 1081 4033 1156 4080; x_wconf 68' lang='lat' dir='ltr'><strong>rur.</strong></span> <span class='ocrx_word' id='word_1_339' title='bbox 1175 4030 1206 4078; x_wconf 88' lang='lat' dir='ltr'><strong>rr</strong></span> <span class='ocrx_word' id='word_1_340' title='bbox 1220 4034 1274 4081; x_wconf 80' lang='lat' dir='ltr'><strong>m</strong></span> <span class='ocrx_word' id='word_1_341' title='bbox 1293 4026 1308 4100; x_wconf 85' lang='grc' dir='ltr'>Η</span> 
     </span>
     <span class='ocr_line' id='line_1_36' title="bbox 201 4112 1310 4192; baseline -0.008 -22"><span class='ocrx_word' id='word_1_342' title='bbox 201 4116 235 4170; x_wconf 91' lang='grc'><strong>19</strong></span> <span class='ocrx_word' id='word_1_343' title='bbox 253 4116 414 4187; x_wconf 81' lang='lat' dir='ltr'><strong>appelicatr‘r</strong></span> <span class='ocrx_word' id='word_1_344' title='bbox 433 4121 454 4171; x_wconf 80' lang='grc' dir='ltr'><em>Α</em></span> <span class='ocrx_word' id='word_1_345' title='bbox 476 4115 490 4188; x_wconf 95' lang='grc' dir='ltr'>Η</span> <span class='ocrx_word' id='word_1_346' title='bbox 510 4119 546 4173; x_wconf 93' lang='lat' dir='ltr'><strong>ob</strong></span> <span class='ocrx_word' id='word_1_347' title='bbox 565 4119 715 4190; x_wconf 75' lang='lat' dir='ltr'><strong>pelicatum</strong></span> <span class='ocrx_word' id='word_1_348' title='bbox 733 4126 756 4173; x_wconf 84' lang='lat' dir='ltr'><em>P</em></span> <span class='ocrx_word' id='word_1_349' title='bbox 772 4119 786 4192; x_wconf 92' lang='grc' dir='ltr'>Η</span> <span class='ocrx_word' id='word_1_350' title='bbox 810 4121 839 4174; x_wconf 90' lang='lat' dir='ltr'><strong>in</strong></span> <span class='ocrx_word' id='word_1_351' title='bbox 862 4122 976 4175; x_wconf 76' lang='lat' dir='ltr'><strong>Vrbicus</strong></span> <span class='ocrx_word' id='word_1_352' title='bbox 994 4136 1044 4171; x_wconf 86' lang='lat' dir='ltr'><strong>om.</strong></span> <span class='ocrx_word' id='word_1_353' title='bbox 1064 4119 1109 4168; x_wconf 84' lang='grc' dir='ltr'><strong>ΔΡ</strong></span> <span class='ocrx_word' id='word_1_354' title='bbox 1127 4112 1141 4189; x_wconf 94' lang='grc' dir='ltr'>Η</span> <span class='ocrx_word' id='word_1_355' title='bbox 1160 4113 1310 4190; x_wconf 69' lang='lat' dir='ltr'><strong>uansflgu.</strong></span> 
     </span>
     <span class='ocr_line' id='line_1_37' title="bbox 200 4201 573 4278; baseline 0.008 -23"><span class='ocrx_word' id='word_1_356' title='bbox 200 4205 261 4256; x_wconf 77' lang='lat' dir='ltr'><strong>ratu</strong></span> <span class='ocrx_word' id='word_1_357' title='bbox 281 4206 301 4255; x_wconf 81' lang='grc' dir='ltr'><em>Δ</em></span> <span class='ocrx_word' id='word_1_358' title='bbox 322 4201 336 4275; x_wconf 95' lang='grc' dir='ltr'>Η</span> <span class='ocrx_word' id='word_1_359' title='bbox 357 4202 381 4257; x_wconf 78' lang='lat' dir='ltr'><strong>fr</strong></span> <span class='ocrx_word' id='word_1_360' title='bbox 399 4204 498 4259; x_wconf 91' lang='lat' dir='ltr'><strong>scribit</strong></span> <span class='ocrx_word' id='word_1_361' title='bbox 515 4212 538 4260; x_wconf 80' lang='grc' dir='ltr'><em>Δ</em></span> <span class='ocrx_word' id='word_1_362' title='bbox 560 4203 573 4278; x_wconf 95' lang='grc' dir='ltr'>Η</span> 
     </span>
    </p>
   </div>
   <div class='ocr_carea' id='block_1_7' title="bbox 0 0 1486 5010">
    <p class='ocr_par' dir='ltr' id='par_1_10' title="bbox 0 0 1486 5010">
     <span class='ocr_line' id='line_1_38' title="bbox 0 0 1486 5010; baseline 0 0"><span class='ocrx_word' id='word_1_363' title='bbox 0 0 1486 5010; x_wconf 95' lang='lat' dir='ltr'><strong> </strong></span> 
     </span>
    </p>
   </div>
  </div>
 </body>
</html>
