2948 5010
590 462 631 474 ···
674 445 838 489 xm-

503 679 613 748 integer
630 618 781 749 nequffu
740 679 769 732 in
769 677 924 749 terpolatus
1031 738 1033 742 ¹

104 881 106 885 ,
335 817 337 821 ⁴
418 786 455 883 ar
590 779 670 815 '⁵'
759 776 842 813 ‘⁴

179 907 292 961 mutilus
312 911 341 960 et
360 905 467 960 duobus
486 899 557 957 loeis
576 903 660 956 inter·
736 905 794 956 mut
782 902 848 956 tilus
867 905 896 955 et
906 900 961 1025 Klu
943 901 1038 957 uribus
1057 895 1128 957 loeis
1146 901 1265 1027 plerum·

363 977 476 1046 poletus
781 989 833 1042 que
853 989 888 1024 ex
935 971 1017 1027 uieno
1035 974 1144 1044 interpo
1157 977 1219 1027 atus

183 1049 1232 1200 Wwff

702 1410 886 1498 ¹Vll-‘¹V‘’(==⁴
902 1417 919 1500 )

247 1549 299 1613 Ad
326 1546 510 1630 primarium
537 1545 634 1630 igitur
660 1543 780 1610 fontem
808 1541 958 1608 carminis
981 1542 1042 1628 (a)
1071 1544 1268 1611 adscendere

165 1665 344 1749 nequimus,
367 1663 431 1728 iam
447 1663 577 1729 mutilus
591 1670 688 1745 atque
703 1662 912 1745 interpolatus
935 1667 983 1756 est
1002 1668 1137 1744 uterque
1158 1662 1269 1728 arohe

164 1759 259 1869 typos
283 1783 408 1870 (M),
437 1802 477 1846 ex
499 1802 562 1865 quo
591 1770 734 1865 pendent
759 1779 1001 1862 antiquissimae
1024 1781 1107 1844 duae
1129 1779 1269 1851 familiae

163 1902 359 1968 Basileensis
389 1906 419 1964 et
439 1898 629 1978 Bernensis;
657 1917 696 1963 ex
724 1898 898 1982 archetypo
921 1897 1100 1962 Basileensi
1125 1898 1268 1966 familiae

163 2018 252 2084 affini
276 2019 341 2105 (ωδ)
364 2016 526 2101 profeetus
546 2023 595 2083 est
609 2006 819 2101 Strozzranus',
843 2036 883 2081 ex
903 2014 1016 2080 eodem
1038 2015 1173 2099 profeoti
1195 2022 1269 2082 sunt

163 2137 259 2203 oeteri
281 2135 529 2219 interpolatione
551 2132 715 2218 glisoente.

247 2254 337 2332 Quae
360 2274 432 2320 oum
455 2255 501 2317 ita
522 2253 594 2333 sint,
616 2253 782 2338 inprimis
804 2251 986 2334 sequendos
1010 2272 1081 2318 esse
1102 2249 1212 2318 oenSui
1234 2253 1270 2318 li-

162 2373 238 2438 bros
260 2371 479 2438 Basileensem
503 2376 535 2436 et
555 2371 743 2437 Parisinum.
778 2376 813 2435 at
835 2390 907 2437 oum
929 2368 977 2433 illi
998 2370 1100 2435 mutili
1122 2377 1179 2436 aut
1200 2393 1269 2436 eor-

163 2490 247 2574 rupti
269 2495 369 2569 erant,
392 2493 547 2573 grauatus
569 2474 701 2554 seeundi
721 2488 843 2555 ordinis
864 2487 963 2554 libros
985 2487 1061 2552 adii.
1095 2509 1135 2554 ex
1156 2490 1270 2556 tertiae

162 2614 270 2676 autom
292 2607 406 2674 elassis
429 2606 592 2672 oodioibus
614 2607 669 2670 uni
691 2606 874 2672 Stronziano
902 2611 932 2670 et
949 2593 1024 2672 'uno
1047 2607 1176 2690 quidem
1197 2610 1269 2675 loeo

164 2723 214 2809 lsr.
231 2724 346 2812 [1157]
370 2724 466 2791 fidem
488 2725 672 2791 habendam
693 2744 764 2792 esse
787 2723 978 2790 existimaui.

248 2843 378 2910 Scholia
405 2845 546 2931 genuina
573 2848 669 2927 atque
696 2845 821 2930 integra
851 2845 1051 2911 eontinentur
1079 2846 1170 2924 libris
1198 2850 1268 2932 ΑΡ,

162 2963 196 3025 in
225 2963 358 3028 alteram
386 2963 485 3046 priori
512 2983 577 3029 non
604 2983 735 3046 prorsus
762 2963 949 3029 dissimilem
979 2962 1114 3030 formam
1140 2967 1270 3034 redacta

162 3080 283 3145 habent
305 3082 331 3149 S
352 3090 384 3148 et
412 3084 446 3160 V,
474 3079 599 3146 sedita
620 3087 655 3147 ut
684 3083 797 3149 Viam
821 3083 919 3146 multo
942 3082 1035 3165 plura
1057 3087 1270 3171 eorruptionis

163 3200 299 3284 uestigia
320 3201 472 3285 praebeat
495 3201 636 3284 quamS
658 3200 710 3288 [of.
733 3221 838 3286 progr.
861 3202 960 3268 sehol.
975 3201 1115 3269 Posnan.
1137 3226 1167 3271 a.
1186 3211 1268 3276 1865

163 3340 194 3402 p.
206 3323 245 3386 12
257 3319 329 3408 sq.].
352 3318 499 3405 pleniora
521 3320 651 3405 quidem
672 3326 745 3387 sunt
767 3321 848 3387 haee
869 3321 993 3388 seliolia
1008 3322 1194 3389 Strozniana
1209 3326 1269 3390 Ba

164 3437 372 3519 sileensibus,
400 3439 460 3505 sed
484 3459 525 3505 ea
546 3460 622 3526 pars
645 3461 710 3523 qua
732 3442 797 3505 ΑΡ
816 3447 927 3517 carent
949 3460 989 3506 ex
1012 3440 1112 3506 uariis
1134 3441 1270 3506 auotori-

164 3558 223 3626 bus
241 3559 370 3646 Hygino
385 3558 487 3624 Plinio
503 3558 681 3626 Censorino
696 3559 853 3626 Martiano
875 3559 1000 3625 Isidoro
1024 3566 1190 3644 oompaeta
1212 3566 1269 3626 est.

165 3697 239 3741 nam
261 3677 387 3744 etiamsi
407 3677 668 3745 Reiffersoheidio
693 3679 836 3765 (Sueten.
858 3679 948 3761 reliq.
967 3682 1173 3764 p.440sqq.)
1195 3700 1270 3746 oon·

165 3794 343 3863 oedendum
365 3795 415 3881 sit,
438 3780 561 3881 aliquot
582 3796 776 3864 soholiorum
799 3796 935 3862 frustula
956 3817 996 3862 ex
1018 3795 1169 3863 Suetonio
1191 3796 1270 3862 hau-

163 3914 219 3979 riri
240 3914 390 3999 potuisse‚
413 3920 522 3981 tamen
540 3916 596 3981 uin
610 3916 741 3998 probari
754 3916 872 4001 poterit
887 3935 926 3981 ea
941 3915 1057 3994 omnia,
1081 3934 1164 3998 quae
1179 3916 1271 3981 soho·

162 4032 216 4098 liis
239 4038 271 4098 et
291 4033 416 4099 Isidoro
439 4033 502 4098 sint
525 4035 714 4112 eommunia,
736 4034 906 4100 referenda
922 4053 994 4100 esse
1013 4031 1057 4098 ad
1071 4033 1268 4099 Suetonium.

163 4151 228 4216 iam
257 4158 306 4217 est
334 4151 460 4217 tertium
488 4171 590 4234 genus
619 4136 811 4233 soholiorum
839 4152 926 4237 quod
953 4172 974 4216 a
1000 4151 1143 4236 genuina
1168 4151 1270 4217 forma

163 4267 247 4335 adeo
268 4269 429 4350 abhorret,
452 4276 487 4336 ut
507 4269 680 4356 singularis
701 4271 776 4341 libri
797 4272 937 4359 speeiem
956 4287 1035 4355 prae
1054 4288 1090 4337 se
1109 4267 1202 4338 ierat.
1228 4289 1270 4336 ea
