2948 5010
504 417 750 462 ‘'m-‘⁸

74 572 229 641 anVS
248 570 300 637 cui
321 569 533 653 subscriptum
555 573 604 635 est
620 570 842 637 EXPLICIT
858 572 1007 638 ARATI
1011 569 1038 641 1.
1060 591 1081 636 a
1102 571 1181 638 folio

77 697 119 760 10
133 690 207 756 adu.
230 688 342 774 incipit
364 690 518 755 Preciana
540 693 682 755 ostensio
712 695 786 772 post
800 688 883 754 haec
896 688 1061 755 inuenitur·
1070 691 1181 758 Bedae

74 810 160 877 noer
184 808 358 893 inscriptus
384 810 451 875 on
470 809 784 886 ereberrime
805 790 864 872 ni
885 808 1044 874 cenna
1071 809 1105 873 in
1127 830 1182 875 ex-

72 936 177 994 trema
198 927 319 1012 pcgina
334 930 384 993 22-
399 925 617 990 commentarii
639 924 804 991 cuiusdam
825 925 860 990 in
881 927 1042 992 Donatum
1066 928 1186 1013 legitur·

72 1048 209 1113 initium.
243 1043 382 1128 inspexit
402 1045 561 1111 Hertaius.

160 1169 292 1232 Prbeter
320 1163 402 1230 haec
429 1162 574 1229 subsidia
601 1162 644 1228 ad
672 1163 876 1230 emendanda
902 1163 1026 1230 scholia
1047 1164 1181 1231 adhibui

72 1289 199 1352 Aratea
220 1285 489 1365 Sobonlmohioao²
513 1301 596 1364 quae
619 1281 653 1346 in
675 1281 869 1349 bibliotheca
890 1283 1109 1349 uniuersitatis
1130 1284 1181 1348 lit-

71 1403 213 1470 terariae
241 1399 627 1488 Lipsiensis(n.1225‘¹)
658 1406 829 1465 seruantur
855 1402 913 1484 (ei.
937 1402 978 1468 de
999 1402 1035 1466 P.
1058 1401 1181 1487 Nigidii

71 1522 180 1604 Figuli
201 1520 313 1603 fragm.
335 1540 367 1603 p.
391 1525 431 1588 13
443 1537 491 1600 sq.
513 1517 627 1583 Philol.
650 1519 730 1585 XIII
751 1542 782 1604 p.
799 1526 861 1590 <558
877 1520 952 1606 sq.).

158 1641 306 1705 Danielis
320 1640 429 1720 Penei,
452 1639 601 1724 Phihppi
609 1639 689 1722 flb'i,
712 1653 802 1705 notae
812 1628 850 1703 >in
866 1639 1048 1704 Germanici
1062 1639 1178 1723 imper.
1272 1677 1273 1681 =

70 1760 193 1824 Aratea
218 1778 316 1823 manu
343 1756 477 1840 scriptas
510 1761 542 1820 et
575 1756 609 1820 in
641 1755 835 1823 bibliotheca
866 1758 956 1842 regia
981 1757 1180 1824 Berolineusi

71 1878 147 1962 (hle.
162 1876 251 1941 Diez.
269 1877 299 1940 B
314 1879 374 1945 133
392 1875 443 1962 4⁰)
466 1874 653 1941 adseruatas
675 1881 710 1940 ut
733 1877 838 1943 denuo
860 1877 1018 1962 inspicere
1039 1896 1178 1961 possem,

71 1995 115 2062 ab
138 1994 256 2061 eximia
276 1993 469 2060 liberalitate
491 1993 623 2075 Georgii
644 1985 773 2075 Pertaii‚
802 1996 864 2060 uiri
885 1989 1105 2080 illustrissimi,
1128 1994 1179 2060 fa-

69 2114 131 2180 cile
152 2112 331 2198 impetraui.
365 2112 480 2196 quibus
496 2131 514 2177 e
530 2113 623 2188 notis,
640 2131 721 2194 quas
735 2113 858 2179 Pareus
880 2114 973 2179 citius
995 2135 1015 2177 a
1037 2132 1073 2179 se
1095 2133 1178 2177 com-

69 2231 193 2316 positas
213 2230 342 2313 fatetur,
366 2251 461 2313 quam
483 2231 635 2319 asparagi
657 2236 843 2314 coquantur,
868 2231 1014 2316 excerpsi
1029 2230 1088 2295 has
1104 2249 1179 2296 con-

69 2351 225 2416 iecturas:
248 2349 369 2415 Phacn.
390 2370 423 2413 u.
448 2353 486 2418 16
509 2374 679 2437 nomenque
700 2355 742 2418 38
764 2352 858 2416 Dicto
881 2363 1059 2416 enereerent
1080 2349 1177 2414 domi-

68 2495 130 2535 nae
141 2469 292 2556 famniae
308 2469 497 2556 Corybantes
511 2473 554 2536 43
564 2469 732 2556 snpientia
747 2472 788 2536 52
804 2469 1003 2555 squamigeri
1022 2468 1060 2531 ab
1084 2468 1177 2552 lupen
1295 2484 1297 2486 ·

68 2592 196 2656 59-61
221 2612 361 2674 quaeque
383 2586 467 2652 sedet
488 2600 588 2651 mento
611 2587 730 2652 incente
745 2590 934 2654 nouissima:
957 2575 1176 2652 eanda'eaetre·

68 2731 155 2775 mum
176 2731 241 2792 qua
261 2708 373 2772 Elieea'
390 2705 480 2772 sidua
501 2705 605 2785 micat,
629 2705 687 2768 bae
708 2686 858 2771 radantur
880 2707 1034 2815 serpentis
1057 2705 1196 2769 decline·

69 2838 174 2910 capnt.
198 2829 239 2894 65
262 2824 388 2911 dffeaso
409 2828 450 2894 69
473 2845 567 2886 sceno
590 2825 800 2889 seraranan
825 2827 884 2890 117
894 2834 1018 2908 pacate
1036 2821 1176 2905 135fer·

67 2967 186 3028 reaque
207 2945 332 3007 ohnento
351 2966 430 3030 peno
452 2955 497 3008 est
519 2937 635 3005 laetata
656 2943 780 3007 metallo
805 2945 866 3010 155
889 2941 1016 3026 exploso
1041 2943 1102 3008 183
1125 2965 1177 3004 en-

62 3085 129 3145 pra
152 3072 254 3124 terrae
276 3083 345 3124 enan
357 3060 468 3146 fulget
489 3059 641 3146 Myrtilus
662 3083 736 3124 orna
759 3063 820 3126 307
834 3060 921 3144 ferit
942 3063 1004 3127 348
1027 3061 1096 3123 noti
1114 3063 1176 3126 377

67 3177 142 3262 defit
166 3180 203 3240 ut
234 3174 382 3241 Orellius.
421 3175 464 3240 ad
493 3174 630 3256 scholia,
666 3195 748 3258 quae
776 3176 822 3242 ab.
844 3175 968 3241 Isidoro
994 3174 1178 3259 Hispalensi

68 3295 189 3378 scripta
211 3312 282 3359 esse
304 3293 476 3378 existimat,
506 3292 586 3358 haee
608 3294 777 3376 pertinent:
814 3315 846 3378 p.
873 3299 947 3377 107,
968 3302 988 3385 ὁ
1011 3308 1039 3360 et
1057 3295 1177 3381 popel,

66 3436 264 3478 monomoerc
285 3413 433 3477 dicantar
458 3415 565 3495 109,2
588 3413 700 3498 inputa
724 3418 758 3477 ut
779 3432 852 3495 ego.
885 3417 955 3496 159,
974 3419 993 3480 6
1016 3438 1077 3498 qao
1099 3414 1177 3477 illae

67 3534 263 3596 concinerent
287 3535 399 3609 176st
424 3531 576 3596 Dercetis.
615 3536 722 3596 cetera
749 3530 803 3596 uel
829 3533 871 3597 ab
898 3529 972 3595 aliis
993 3528 1123 3593 inuenta
1145 3534 1177 3595 et

66 3648 199 3732 publici*
219 3648 298 3713 iuris
330 3648 418 3714 faeta
450 3648 504 3713 uel
536 3648 692 3714 audacius
726 3668 822 3731 quam
855 3649 962 3716 uerius
995 3648 1176 3732 excogitata

67 3765 244 3832 omittenda
266 3785 338 3832 esse
356 3746 479 3833 censui.
1094 3747 1098 3758 ⁴

153 3884 325 3951 Oodioibus
354 3891 461 3951 autem
489 3887 537 3952 ita
562 3906 639 3952 usus
662 3902 747 3972 sum,
776 3892 810 3951 ut
834 3886 983 3973 imaginis
1010 3887 1174 3953 cuiusdam

68 4024 178 4070 corum
194 4002 438 4076 adumbrandae
454 4023 553 4069 eausa
568 4003 707 4068 omnium
731 4005 902 4088 scripturas
925 4027 1027 4089 usque
1042 4006 1085 4071 ad
1099 3995 1174 4071 'uer-

68 4141 138 4186 sum
162 4125 224 4190 102
246 4122 494 4187 Phaenomeuou
516 4121 683 4210 adferrem,
705 4121 781 4188 iude
803 4130 908 4188 autem
932 4124 1177 4216 oodieeuAPB¹

69 4240 157 4308 solos
178 4240 370 4325 respicerem
383 4246 416 4306 et
429 4238 550 4324 passim
564 4245 697 4325 tantum,
720 4241 776 4307 ubi
790 4240 838 4306 illi
853 4243 1009 4330 laborant,
1031 4241 1175 4324 reliquos
