2948 5010
634 403 784 468 -214
828 440 866 451 -

162 582 295 660 spossc
318 594 389 639 earn
411 578 590 657 permutare
612 572 786 655 algentium
808 572 951 637 locorum
975 587 1002 638 et
1016 576 1235 641 aestuantium
1257 600 1313 644 na-

201 692 289 748 iuras
311 688 343 749 et
365 701 386 746 a
408 682 501 746 nobis
524 682 680 747 rationem
703 682 952 746 demonstratam
976 703 1047 748 esse
1070 685 1150 749 satis
1174 692 1239 771 est,
1262 708 1313 755 re

200 793 289 874 liqna
312 790 536 857 obseruatione
559 791 712 872 cuiusque
735 793 935 856 constabunt.
969 792 1155 858 alterutrum
1181 797 1312 878 quidem

200 900 270 965 fore
292 901 326 964 in
349 919 458 975 causa,
482 899 544 965 hoc
566 905 614 965 est
636 899 845 982 plenilunium
861 907 916 965 aut
931 901 1147 988 interlunium,
1171 926 1239 970 non
1255 907 1314 973 erit

176 1009 342 1074 eduhium.
365 1015 398 1074 et
419 1010 452 1075 in
475 1011 535 1075 hoc
557 1009 735 1074 mirabilem
758 1008 913 1074 admirari
930 1010 1161 1092 benignitatem
1177 1021 1314 1082 nahuae

201 1117 363 1202 succurrit,
385 1119 450 1184 iam
465 1119 602 1203 primum
617 1117 702 1183 hanc
715 1119 863 1184 iniuriam
880 1119 1028 1185 omnibus
1050 1123 1144 1187 annis
1168 1125 1314 1194 accidere

201 1245 267 1290 non
294 1246 390 1309 posse
418 1234 548 1313 propter
575 1234 675 1293 statos
703 1226 844 1294 siderum
875 1249 987 1294 cursus
1013 1250 1075 1296 neo
1107 1233 1172 1297 nisi
1200 1239 1312 1318 paucis

201 1334 348 1400 noctibus
370 1338 446 1402 anni
471 1337 570 1420 idque
593 1337 723 1419 quando
747 1338 787 1402 sit
808 1338 948 1403 futurum
975 1338 1073 1407 facile
1095 1345 1187 1408 nosci
1211 1365 1253 1409 ac
1274 1367 1313 1412 ne

202 1462 259 1527 per
287 1463 397 1512 omnes
425 1466 551 1512 menses
578 1447 756 1530 timeretur,
791 1466 900 1512 carum
926 1449 999 1532 lege
1026 1450 1166 1516 diuisum
1193 1461 1314 1522 aestate

167 1576 192 1614 ιο
203 1552 376 1621 interlunia
397 1564 621 1640 praeterquam
644 1555 741 1621 biduo
765 1577 878 1623 secura
898 1577 979 1642 esse,
1002 1558 1110 1627 hieme
1123 1562 1311 1645 pleniluniis,

202 1686 262 1732 nec
282 1666 344 1732 nisi
367 1667 498 1732 aestiuis
519 1666 781 1746 breuissimisque
803 1666 950 1734 noctibus
973 1670 1086 1748 metui,
1109 1670 1227 1739 diebus
1249 1695 1311 1741 non

202 1778 287 1843 idem
309 1777 429 1842 ualere.
452 1783 620 1860 praeterea
641 1781 707 1840 tam
730 1773 825 1840 facile
848 1776 992 1861 intelligi,
1015 1784 1050 1842 ut
1071 1778 1210 1847 formica
1224 1783 1312 1848 mini·

202 1908 289 1952 mum
312 1885 431 1951 animal
453 1884 622 1951 interlunio
646 1884 807 1965 quiescat,
838 1885 1013 1968 plenilunio
1043 1896 1195 1972 operetur
1217 1893 1311 1959 etiam

202 1997 363 2074 noctibus,
386 2015 480 2062 auem
502 2014 628 2077 parram
651 1995 772 2060 oriente
795 1994 877 2059 Sirio
898 1996 970 2079 ipso
993 1996 1133 2061 dienen
1155 2019 1311 2086 apparere

166 2127 190 2163 1⁵
203 2113 235 2172 et
259 2106 364 2173 donec
391 2104 534 2182 occidat,
568 2124 586 2170 e
616 2103 746 2169 diuerso
776 2103 971 2188 chlorionem
999 2106 1128 2189 prodire
1155 2111 1228 2194 ipso
1262 2113 1311 2179 die

204 2217 337 2283 solstitii.
361 2220 508 2281 neutrum
523 2234 601 2279 uero
616 2214 712 2278 lunae
728 2218 843 2277 statum
866 2214 997 2278 noxium
1020 2234 1092 2281 esse
1108 2237 1150 2283 ne
1165 2221 1311 2287 noctibus

203 2327 332 2409 quidem
348 2325 408 2391 nisi
424 2325 544 2390 serenis
561 2329 592 2389 et
614 2323 700 2389 omni
715 2343 792 2388 aura
814 2323 1009 2404 quiescente,
1033 2328 1186 2409 quoniam
1208 2351 1311 2415 neque

165 2524 186 2572 8
239 2518 255 2570 1
274 2514 451 2586 permutatio
472 2512 485 2582 Η
505 2511 655 2580 legentium
668 2511 791 2565 locorum
804 2511 973 2565 estuantium
986 2516 1007 2565 8
1013 2517 1035 2564 V
1051 2513 1067 2584 Η
1088 2515 1206 2573 arbitrio
1220 2519 1310 2591 legen-

203 2604 272 2656 tium
283 2601 407 2655 locorum
420 2598 626 2652 aestimantium
646 2601 659 2647 b
681 2598 694 2666 Η
715 2597 865 2666 algentium
878 2598 1001 2653 locorum
1016 2604 1045 2655 et
1057 2606 1249 2669 aestuantium
1260 2614 1311 2662 Pti-

203 2693 264 2742 aicr
288 2689 301 2759 Η
326 2678 591 2743 idemestratatam
610 2687 642 2738 e'c
658 2688 682 2736 ’8
711 2683 725 2755 Η
755 2700 819 2738 esse
839 2684 1055 2741 demonstratam
1081 2691 1118 2741 Vb
1148 2690 1163 2761 Η
1189 2694 1313 2751 3altera

203 2781 325 2831 utrumS
347 2774 360 2845 Η
379 2774 481 2828 Altera
499 2778 617 2842 utrumq.
636 2778 657 2825 V
676 2771 689 2841 Η
709 2772 881 2825 Alterutrum
897 2774 911 2823 b
932 2773 946 2841 Η
965 2775 984 2828 4
1001 2775 1054 2829 hoc
1073 2781 1119 2830 est
1136 2779 1249 2850 reliqua
1267 2784 1311 2838 ob-

204 2863 361 2918 seruatione
380 2860 560 2932 plenilunium
573 2865 622 2913 SV
641 2859 653 2929 Η
673 2860 732 2915 bin
749 2860 803 2913 hoc
822 2860 975 2915 mirabilem
993 2862 1199 2932 benignitatem
1218 2876 1313 2927 natura

203 2958 224 3004 8
244 2951 257 3021 Η
281 2951 336 3004 hoc
353 2948 473 3002 mirabili
492 2951 589 3001 nature
608 2947 782 3014 benignitate
807 2952 829 2998 V
851 2945 866 3018 Η
891 2948 919 3000 in
938 2948 991 3003 hoe
1010 2951 1166 3006 mirabilem
1186 2955 1314 3013 admirari

204 3039 405 3107 benignitatem
423 3035 548 3088 Naturae
568 3036 582 3084 b
603 3034 616 3104 Η
642 3035 671 3088 in
689 3036 742 3090 hoc
760 3035 853 3087 mirari
872 3034 1062 3091 admirabilem
1081 3038 1108 3089 b.
1126 3055 1153 3092 n.
1172 3047 1234 3100 loir.
1247 3048 1313 3100 Piis.

209 3126 233 3178 V
236 3130 270 3181 oi.
283 3131 328 3177 111
340 3145 366 3193 p.
376 3138 449 3177 χχιι
471 3122 484 3189 ΙΙ
506 3124 522 3177 6
542 3123 733 3176 succurritiam
753 3124 766 3172 b
788 3119 801 3191 Η
822 3123 951 3177 accidere
969 3144 1039 3178 corr.
1054 3144 1089 3178 ea
1108 3127 1243 3184 occidere
1262 3139 1282 3183 8
1300 3131 1313 3203 Η

207 3232 222 3284 7
242 3233 363 3284 statutos
388 3233 410 3280 V
428 3226 441 3296 Η
462 3225 590 3295 syderum
608 3230 628 3278 S
649 3226 663 3295 Η
683 3219 701 3283 ir
719 3233 739 3280 8
763 3225 777 3297 Η
802 3230 819 3282 8
837 3228 873 3282 ad
893 3229 967 3298 quod
986 3229 1097 3299 quando
1121 3236 1144 3283 V
1163 3232 1177 3302 Η
1196 3233 1312 3291 futurum

206 3334 244 3388 sit
256 3333 338 3386 facile
352 3332 432 3386 nosci
445 3334 547 3384 Plinius
568 3331 581 3400 Η
601 3330 726 3384 noscitur
743 3337 765 3383 V
784 3332 797 3400 Η
816 3323 834 3386 ri
851 3336 872 3385 S
892 3331 905 3400 Η
926 3334 943 3387 9
961 3336 1104 3388 teneretur
1121 3340 1145 3387 V
1163 3335 1176 3407 Η
1198 3339 1234 3394 10
1251 3340 1313 3411 hya·

205 3437 249 3474 me
272 3424 292 3472 8
313 3419 326 3488 Η
344 3420 384 3473 ,11
403 3420 576 3473 breuissimis
601 3424 623 3472 V
641 3419 653 3487 Η
679 3420 712 3472 12
730 3419 797 3475 item
816 3421 944 3471 hPlinios
963 3429 992 3471 ot
1011 3425 1045 3488 cf.
1066 3425 1138 3476 Fcis.
1158 3427 1190 3477 de
1210 3430 1314 3480 Plinio·

205 3527 262 3562 nor.
282 3509 550 3574 codd.f‹1iisp.1cs
574 3506 588 3576 Η
613 3507 738 3574 intellegi
756 3509 860 3557 Plinius
881 3502 894 3573 Η
919 3506 952 3560 13
972 3511 1103 3576 operetur
1121 3511 1208 3565 ctiam
1228 3517 1314 3570 noeti·

206 3594 258 3647 hus
281 3598 411 3664 operetur
436 3610 515 3648 auem
539 3597 559 3644 8
589 3592 602 3663 Η
632 3597 761 3662 operetur
785 3598 814 3646 et
837 3593 920 3646 etiam
940 3593 1070 3649 noctibus
1090 3612 1170 3651 auem
1196 3605 1218 3651 V
1246 3602 1261 3673 Η
1288 3610 1315 3658 et

207 3682 290 3735 etiam
309 3680 590 3750 noctibus'oporetur
614 3681 628 3729 b
657 3678 671 3748 Η
701 3680 785 3734 etiam
804 3680 933 3735 noctibus
954 3685 1085 3750 operetur
1104 3687 1210 3757 ifiioiae
1233 3701 1263 3743 or
1281 3696 1315 3761 cf.

208 3772 278 3819 Veis.
292 3771 310 3821 t.
324 3771 342 3821 i.
353 3767 371 3835 Η
392 3769 555 3823 Morientis
569 3767 712 3837 porphiria
726 3771 745 3818 8
761 3766 774 3835 Η
789 3768 904 3822 orientis
918 3768 1125 3838 porphirionem
1144 3778 1166 3825 V
1179 3773 1193 3843 Η
1209 3777 1315 3834 oriente

208 3854 307 3906 siriob
335 3852 349 3922 Η
373 3854 508 3927 adparere
528 3858 630 3907 Plinius
655 3853 668 3923 Η
693 3855 727 3909 15
746 3853 877 3909 occidant
900 3861 921 3908 V
939 3854 953 3924 Η
975 3854 1105 3911 ediuerso
1125 3858 1244 3919 dorione
1262 3871 1283 3919 8
1301 3865 1316 3938 Η

207 3941 272 3995 hedi
285 3943 331 3996 uel
344 3943 426 3998 orior.
445 3947 467 3994 V
485 3940 497 4010 Η
519 3942 660 3995 adiuersc
672 3941 819 3995 Virionem
838 3943 852 3992 b
873 3943 887 4011 Η
907 3960 922 3996 e
942 3943 1055 3999 diuerso
1075 3946 1250 4007 chlorionem
1262 3957 1317 4006 Pii-

208 4035 266 4083 uias
287 4031 300 4101 Η
319 4047 384 4100 usq3
405 4029 440 4084 od
460 4029 533 4083 diem
557 4034 578 4081 V
597 4027 610 4096 Η
631 4028 694 4096 ipso
714 4029 836 4083 Solstitii
856 4029 902 4083 die
921 4033 934 4081 b
955 4028 969 4100 Η
990 4034 1024 4087 16
1043 4033 1165 4088 solsticii
1184 4041 1206 4089 8
1227 4036 1241 4108 Η
1261 4040 1316 4095 ⁸01.

208 4120 268 4174 stiti
286 4124 390 4173 Plinius
411 4117 424 4186 Η
445 4119 478 4172 17
498 4116 590 4171 omnia
607 4132 672 4169 uere
692 4118 856 4186 quiescente
875 4122 895 4171 8
916 4116 929 4186 Η
955 4119 1061 4185 omnib;
1080 4137 1147 4177 uere
1167 4126 1317 4195 quiescen.

207 4207 282 4262 tibus
306 4213 328 4260 V
347 4205 360 4277 Η
381 4206 454 4261 omni
473 4222 541 4262 aura
558 4205 722 4276 quiescente
741 4205 755 4255 b
775 4203 789 4275 Η
