2948 5010
633 411 868 479 -176-

159 585 185 652 S
197 585 251 651 bet
279 589 384 650 autern
412 583 524 649 stellas
550 583 584 647 in
611 583 714 666 primo
737 582 821 647 flexu
845 585 1006 665 quattuor,
1034 580 1068 644 in
1099 580 1311 658 secundom,

197 694 231 759 in
256 695 347 761 tertio
370 717 406 756 111
433 713 535 775 usque
563 693 606 757 ad
632 691 842 756 nouissimam
864 714 926 770 vn,
956 711 1037 774 quas
1067 690 1178 757 dicunt
1199 691 1235 755 in
1257 709 1311 755 ore

198 804 265 868 Nili
286 804 375 868 fluuii
398 824 479 869 esse.
505 809 578 868 sunt
599 822 708 867 omnes
732 824 821 865 xvnr.

288 912 367 976 Sunt
390 913 476 976 aliae
498 912 625 999 stellae]
718 919 720 926 '

170 1052 182 1088 ι
286 1021 389 1087 Piscis
407 1041 483 1103 ergo
507 1041 654 1105 magnus,
679 1021 768 1084 cuius
790 1027 923 1104 nepotes
946 1020 1095 1086 dicuntur
1117 1020 1235 1102 pisces,
1260 1016 1312 1099 qui

200 1133 234 1196 in
258 1131 391 1196 zodiaco
415 1129 532 1195 circulo
557 1129 719 1195 constituti
742 1136 825 1194 sunt.
860 1129 974 1195 dicitur
1000 1131 1082 1195 inter
1104 1134 1192 1194 astra
1215 1127 1311 1193 collo-

202 1249 307 1320 catus,
339 1262 376 1306 eo
407 1238 494 1320 quod
517 1239 669 1304 decidens
691 1240 725 1303 in
746 1240 927 1305 lboecinice
949 1247 1063 1324 stagno
1087 1239 1230 1321 quodam
1254 1237 1311 1301 'sl-

202 1352 279 1416 cetis
300 1350 368 1414 filia
383 1349 517 1414 Veneris
542 1347 595 1435 [et]
619 1349 653 1412 in
675 1349 795 1433 piscem
811 1350 852 1413 sit
865 1351 1103 1434 transfigurata,
1127 1368 1223 1431 quam
1241 1347 1311 1433 Syri

203 1462 297 1526 deam
327 1459 539 1525 nominarunt.
574 1459 703 1539 quidam
730 1464 835 1523 autern
865 1460 986 1539 dicunt,
1017 1459 1103 1542 quod
1130 1458 1172 1525 de
1198 1464 1311 1540 stagno

166 1571 300 1638 rofiliam
324 1568 458 1635 Veneris
482 1567 665 1646 saluauerit,
688 1568 772 1633 unde
795 1590 896 1651 usque
920 1569 1016 1635 hodie
1039 1568 1112 1652 Syri
1134 1569 1244 1653 pisces
1266 1589 1312 1633 ar·

203 1688 334 1764 genteos
357 1678 532 1761 intemplo
557 1683 773 1741 sacrauerunt.
809 1684 857 1744 est
884 1686 992 1744 autern
1015 1679 1143 1763 signum
1165 1679 1199 1743 in
1222 1684 1310 1764 parte

205 1790 350 1867 australi,
374 1787 460 1870 quod
483 1787 625 1870 piscibus
649 1787 823 1853 orientibus
848 1789 955 1854 oritur.
979 1808 1074 1870 quern
1090 1789 1199 1853 dicunt
1215 1809 1312 1871 aqua·

202 1901 240 1964 rii
262 1918 361 1963 urnae
381 1898 570 1963 effusionem
590 1896 709 1961 bibere.
737 1897 835 1962 habet
857 1898 987 1981 quidem
1004 1899 1118 1964 stellas
1133 1898 1312 1976 duodecim,

205 2031 223 2076 e
254 2010 369 2092 quibus
399 2028 465 2072 una
491 2005 589 2072 fertur
619 2026 690 2071 esse
718 2010 826 2073 subter
853 2009 954 2093 pedes
982 2008 1111 2091 aquarii
1141 2016 1174 2075 et
1194 2015 1262 2075 tres
1281 2009 1313 2073 in

167 2153 191 2189 n
205 2119 367 2186 branchiis
391 2117 469 2183 eius.
493 2118 584 2200 ipsae
607 2124 713 2182 autern
736 2117 889 2183 clariores
911 2138 984 2185 esse
1000 2118 1114 2183 ceteris
1131 2125 1313 2195 noscuntur,

208 2230 298 2317 [inter
313 2229 395 2293 haec
410 2234 484 2293 sunt
499 2232 586 2292 astra
602 2229 670 2293 siue
686 2229 789 2311 signa,
814 2248 896 2310 quae
912 2231 1062 2312 planetae
1084 2225 1312 2313 appellantur]

168 2400 197 2463 d
291 2401 392 2466 Piscis
420 2420 497 2480 ergo
526 2420 675 2480 magnus,
711 2401 799 2466 cuius
834 2406 966 2482 nepotes
993 2399 1140 2465 fabulose
1171 2399 1316 2464 dicuntur

206 2511 320 2594 pisces,
345 2509 455 2590 quiin
478 2507 610 2573 zodiaco
636 2510 751 2573 circulo
776 2509 938 2574 constituti
960 2514 1043 2586 sunt,
1067 2509 1183 2575 dicitur
1198 2530 1220 2574 a
1242 2530 1314 2594 gen-

206 2619 314 2683 tilibus
335 2619 417 2683 inter
437 2623 523 2681 astra
539 2618 733 2697 conlocatus,
757 2639 794 2683 eo
819 2617 905 2700 quod
928 2616 1128 2684 decidentem
1151 2621 1186 2682 in
1205 2621 1314 2685 ’rboec

169 2730 289 2794 20mioe
321 2735 435 2809 stagno
470 2727 631 2809 quondam
662 2729 770 2812 deam,
806 2748 899 2810 quarn
929 2727 1054 2811 Syriam
1089 2729 1254 2793 uocabant
1286 2733 1317 2793 et

209 2866 288 2926 quoe
317 2839 483 2906 dicebatur
504 2839 571 2903 lilia
593 2838 742 2920 Veneris,
772 2838 956 2903 saluauerit,
991 2844 1038 2902 est
1060 2843 1167 2902 autern
1189 2837 1316 2920 signum

206 2951 240 3013 in
262 2957 351 3033 parte
375 2949 518 3026 australi,
543 2948 628 3029 quod
643 2948 785 3031 piscibus
802 2947 975 3012 orientibus
998 2947 1105 3032 oritur,
1128 2947 1207 3011 haut
1223 2948 1317 3032 longe

208 3059 303 3122 situm
332 3059 373 3122 ab
402 3059 537 3140 aquario
562 3064 592 3122 et
615 3058 818 3142 capricorno,
845 3057 931 3121 unde
960 3058 989 3121 ei
1019 3057 1172 3140 aquarius
1199 3077 1318 3140 aquam

208 3167 344 3232 fundere
368 3166 490 3232 dicitur.
514 3168 613 3232 habet
636 3167 763 3250 quidenr
786 3168 898 3232 stellas
920 3190 976 3229 ιιι.

170 3344 191 3393 S
246 3342 263 3394 3
281 3340 405 3394 fluuiisse
425 3344 490 3393 sunt
508 3344 527 3391 S
548 3340 561 3412 Η
580 3341 599 3395 4
619 3345 706 3394 Gerar.
720 3345 862 3391 382—892
880 3344 901 3390 S
920 3338 935 3411 Η
959 3341 975 3394 5
995 3354 1060 3407 ergo
1081 3359 1129 3391 cnr.
1149 3336 1203 3409 ΡΗ
1230 3342 1247 3394 6
1266 3338 1318 3391 cir·

209 3426 271 3481 culo
291 3427 408 3480 zodiaco
432 3432 453 3478 Ρ
472 3426 485 3498 Η
506 3427 614 3481 locatus
639 3432 661 3479 Ρ
680 3427 693 3498 Η
715 3430 730 3482 7
751 3426 898 3480 decidente
918 3430 939 3478 S
959 3425 972 3497 Η
992 3426 1139 3480 boeoinice
1158 3430 1179 3477 S
1198 3426 1212 3495 Η
1233 3424 1320 3480 boeth

214 3513 268 3586 ΡΗ
289 3514 408 3584 quedam
427 3519 447 3566 S
467 3535 515 3566 our.
541 3513 595 3584 ΡΗ
616 3514 718 3567 facetis
738 3519 786 3567 SV
806 3515 818 3586 Η
846 3517 911 3571 8et
931 3533 979 3566 our.
1005 3512 1059 3584 ΡΗ
1080 3514 1159 3583 pisce
1181 3518 1201 3565 S
1223 3514 1237 3584 Η
1259 3528 1321 3583 syra

215 3607 236 3653 Ρ
267 3601 280 3671 Η
314 3604 348 3656 12
368 3619 448 3672 quern
468 3603 621 3672 piscemV
651 3598 665 3670 Η
699 3603 733 3655 13
752 3602 958 3654 effuxionems
991 3601 1004 3672 Η
1036 3602 1235 3654 hebetantem
1259 3605 1282 3652 Ρ
1304 3598 1319 3671 Η

210 3689 245 3743 14
263 3690 378 3760 supt⁰S
399 3688 411 3760 Η
433 3690 483 3743 sub
502 3695 523 3741 Ρ
543 3687 555 3758 Η
577 3688 673 3741 subter
691 3693 789 3755 scripse·
810 3688 822 3761 Η
844 3689 961 3759 pedibus
981 3695 1003 3741 Ρ
1022 3689 1034 3761 Η
1057 3690 1091 3744 15
1109 3689 1225 3742 bruneis
1240 3692 1288 3740 SV
1306 3686 1319 3757 ΙΙ

210 3774 333 3829 brachiis
354 3778 367 3827 b
388 3775 401 3846 Η
422 3776 563 3830 branchiis
576 3777 739 3828 Seburrbucb.
761 3775 774 3847 Η
795 3776 890 3846 ipses
911 3777 925 3847 Η
945 3777 1047 3830 ceteris
1068 3791 1132 3829 esse
1150 3781 1173 3828 V
1192 3774 1204 3847 Η
1227 3777 1261 3831 16
1279 3776 1320 3828 in-

210 3866 254 3916 ter
265 3894 295 3901 —
309 3864 483 3934 appellantur
502 3867 602 3915 deleuit
620 3865 819 3915 Schucbccbr'os
839 3864 852 3934 Η

176 3977 199 4024 G
248 3979 280 4031 17
300 3976 426 4045 fabulose
448 3975 526 4028 Gadi
552 3975 565 4045 Η
590 3977 624 4031 18
642 3975 670 4028 in
689 3979 780 4029 ont}
805 3977 818 4046 Η
846 3979 880 4032 19
900 3977 1065 4031 conlocatos
1087 3979 1110 4028 G
1135 3976 1148 4047 Η
1174 3975 1323 4030 boecmiee

215 4064 318 4117 &6⁶6⁶
340 4062 352 4135 Η
372 4066 407 4119 20
425 4062 554 4133 quadro
575 4062 587 4130 Η
609 4062 699 4133 quoda
713 4062 791 4117 (rapu
811 4065 824 4133 Η
848 4065 914 4117 siria
930 4065 1034 4118 Gfflfi‘l
1055 4064 1067 4134 Η
1089 4065 1122 4118 21
1137 4079 1208 4133 quae
1230 4067 1324 4116 addidi

214 4149 227 4220 Η
248 4152 283 4205 22
301 4150 373 4204 haud
394 4150 471 4204 Galil
492 4149 506 4220 Η
525 4151 560 4206 23
579 4151 752 4219 capricornio
775 4149 864 4203 (ΗΘΜ
884 4150 897 4221 Η
919 4155 948 4204 et
967 4152 994 4203 ei
1014 4149 1091 4205 9⁶6⁶
1110 4149 1123 4220 Η
1143 4152 1179 4205 24
1197 4149 1325 4205 PISCIS

215 4241 238 4291 G
259 4241 272 4309 Η
294 4237 429 4293 PISOES
451 4240 489 4291 θ·
509 4236 522 4307 Η
543 4239 656 4305 fictarum
676 4242 777 4290 adduct
798 4237 902 4290 (magt
922 4238 936 4308 Η
