2948 5010
608 428 820 495 ..97-

155 599 248 685 pisse
277 606 309 666 et
335 600 381 667 its
402 620 467 667 non
488 599 588 681 longo
618 598 787 679 interuallo
810 602 931 664 tantam
952 597 1204 682 magnitudinem
1225 600 1269 666 le-

160 730 276 793 porum
296 714 506 794 procreatam,
530 716 566 774 ut
587 724 648 776 tota
670 709 778 775 insula
800 709 840 775 ab
865 710 911 774 eis
926 714 1082 802 occupata
1097 709 1268 778 uideretur.

161 820 375 903 quibuscum
404 823 443 886 ab
473 822 649 886 bominibus
672 818 749 884 nihil
773 818 918 899 daretur,
948 820 981 884 in
1010 819 1135 886 semina
1160 840 1267 886 eorum

159 929 281 1013 impetu
295 928 379 995 facto
394 929 533 996 insulam
548 928 711 995 calamitas
728 929 859 994 adflixit.
883 929 996 995 ttotius
1011 929 1178 994 consilium
1194 931 1269 996 ciui-

160 1038 245 1118 tatis,
269 1038 314 1103 uti
336 1040 392 1104 uix
414 1060 470 1106 ecs
493 1039 658 1123 exinsula
681 1040 856 1122 abigerent.
886 1040 995 1122 itaque
1017 1046 1131 1124 postea
1151 1041 1271 1126 leporis
1295 1066 1307 1103 ι

160 1147 295 1232 figuram
319 1150 353 1214 in
376 1149 469 1215 astris
492 1149 704 1228 constituisse,
728 1156 762 1214 ut
782 1149 926 1215 homines
942 1149 1168 1232 meminissent,
1191 1152 1270 1216 nihil

162 1283 228 1326 esse
250 1274 312 1325 tam
335 1260 386 1324 his
409 1257 625 1343 exoptandum
648 1259 681 1324 in
702 1259 779 1338 uita,
803 1263 880 1347 quio
895 1261 923 1325 si
943 1259 1119 1327 insolenter
1133 1267 1270 1342 utantur,

162 1392 203 1435 ea
226 1393 259 1435 eo
279 1370 352 1453 plus
375 1369 495 1436 doloris
511 1389 608 1452 quam
629 1368 769 1434 laetitiae
793 1389 909 1454 capere
930 1370 1090 1455 posterius
1107 1378 1270 1455 cogantur.

165 1477 277 1544 stellas
292 1478 388 1546 habet
402 1481 436 1545 in
452 1480 554 1546 oculis
569 1479 723 1564 singulas,
747 1480 780 1545 in
803 1500 935 1565 corpore
959 1479 1050 1565 duas,
1073 1482 1107 1547 iu
1130 1489 1272 1549 extrema

161 1588 268 1655 cauda
288 1613 315 1670 1,
350 1590 384 1655 in
411 1590 642 1675 posterioribus
668 1591 805 1675 pedibus
833 1591 969 1675 singulis
998 1592 1152 1676 singulas.
1193 1593 1271 1659 fiunt
1284 1618 1309 1656 ιο

161 1705 294 1784 septem.

248 1811 290 1877 Vt
312 1831 384 1876 cum
406 1811 589 1899 decurrens]

248 1921 337 1987 Haec
362 1920 518 1986 beneficio
545 1921 712 1986 Mineruae
739 1921 834 1987 astris
861 1920 962 1986 inlata
994 1941 1141 2006 quaeque
1168 1923 1271 2007 prima

161 2029 273 2094 nauis
303 2031 345 2095 ab
374 2051 414 2096 ea
440 2030 597 2098 fabricata
626 2031 741 2096 dicitur
767 2037 797 2096 et
820 2031 943 2097 uocalis
964 2031 1078 2111 fuisse,
1107 2033 1271 2117 exemplar

161 2140 298 2222 posteris
329 2141 466 2207 nauibus
495 2142 609 2206 futura.
651 2162 746 2223 quam
775 2161 841 2206 non
868 2147 965 2207 totam
993 2143 1083 2207 caelo
1110 2143 1309 2228 figurauit,1s

162 2250 221 2316 sed
243 2277 264 2315 a
285 2250 510 2333 gubernaculis
531 2270 633 2333 usque
656 2249 699 2315 ad
720 2251 848 2335 malum,
872 2251 971 2316 animi
986 2252 1178 2334 aequitatem
1194 2274 1273 2318 nau-

161 2350 359 2426 tis'factura.
387 2360 484 2426 habet
507 2361 617 2426 stellas
642 2361 744 2438 †xxv1,
768 2361 801 2424 in
824 2382 930 2446 puppe
945 2385 1004 2439 1111,
1025 2362 1059 2425 in
1081 2367 1272 2428 catastroma

162 2492 194 2555 v,
219 2469 253 2534 in
275 2470 361 2536 malo
384 2490 507 2536 summo
530 2493 575 2549 111,
599 2471 658 2537 sub
682 2471 791 2536 carina
813 2493 843 2551 u,
867 2492 991 2536 summa
1012 2494 1089 2536 xvn.

247 2579 387 2647 Diuerso
409 2579 526 2669 posita]

163 2770 180 2825 1
198 2772 313 2824 tamam
332 2773 356 2821 P
373 2767 386 2840 Η
406 2768 532 2823 laborum
552 2772 572 2821 Δ
593 2768 606 2839 Η
627 2771 644 2825 2
662 2770 703 2824 ita
721 2770 852 2825 insulari
875 2769 888 2839 Η
908 2775 940 2825 ut
956 2771 1047 2825 insula
1065 2775 1088 2822 P
1106 2768 1119 2840 Η
1143 2774 1206 2824 tota
1224 2773 1274 2822 ort-

163 2858 222 2909 didi
241 2874 277 2909 ea*
295 2859 398 2924 Eppius
423 2854 437 2927 Η
463 2856 498 2909 ab
518 2856 560 2908 eis
580 2875 628 2912 om.
648 2861 670 2908 P
692 2856 704 2927 Η
729 2856 765 2909 ab
783 2856 941 2911 hominibus
962 2860 1055 2908 nrldt'di
1073 2874 1109 2908 ecc
1128 2862 1233 2923 Hypirso
1260 2855 1273 2927 Η

162 2944 182 2999 3
200 2947 376 2997 necareturs
397 2942 410 3010 Η
430 2943 449 2997 4
466 2941 582 3013 impetu³
602 2946 624 2996 Α
648 2942 661 3014 Η
687 2942 780 3014 inpitu
798 2949 821 2996 P
844 2942 857 3015 Η
882 2942 968 3005 adllii
986 2948 1033 2995 ΑΡ
1051 2941 1066 3013 Η
1085 2953 1146 3010 post
1166 2941 1275 2997 adflixit

162 3033 268 3098 aliquid
281 3026 412 3083 caecidisse
425 3033 532 3083 uidetur
546 3035 581 3098 cs.
596 3036 730 3100 Eppium:
751 3020 805 3100 tino
824 3031 899 3085 facto
918 3031 1027 3085 incolae
1047 3031 1206 3084 calamitate
1226 3030 1274 3085 ad-

163 3116 242 3183 iecti,
262 3132 324 3171 cum
343 3117 416 3171 lama
428 3117 520 3171 forent
532 3120 669 3189 oppressi,
690 3120 828 3173 communi
847 3117 967 3179 consilio
986 3118 1074 3172 totius
1087 3118 1211 3172 ciuitatis
1227 3118 1276 3171 uix
1383 3116 1385 3121 ’

163 3203 285 3274 deniqne
305 3220 354 3258 eos
375 3222 410 3259 ex
428 3205 519 3259 insula
538 3205 669 3274 abegisse
689 3205 817 3260 dicuntur
842 3205 855 3277 Η
880 3205 967 3259 totius
987 3204 1133 3258 consilium
1152 3205 1275 3258 ciuitatis

162 3292 226 3358 tuit,
244 3296 276 3347 ut
289 3290 347 3365 [ex]
363 3309 412 3347 eos
433 3309 468 3346 ex
486 3292 577 3347 insula
595 3292 742 3361 abigerent
760 3311 772 3345 ε
792 3291 805 3363 Η
825 3294 843 3348 5
860 3293 901 3346 uti
921 3309 956 3345 ex
975 3308 1024 3345 ecs
1044 3308 1079 3345 ex
1098 3292 1241 3361 singulari
1262 3291 1275 3363 Η

161 3414 205 3469 uti
224 3431 259 3468 ex
274 3430 322 3480 eos
334 3392 459 3483 e’singula
470 3419 493 3466 P
511 3414 524 3484 Η
544 3415 585 3469 uti
598 3415 646 3468 uix
659 3431 709 3468 eos
723 3430 758 3468 ex
770 3413 863 3468 insula
874 3418 971 3481 scripsi
985 3432 1020 3466 ea
1029 3417 1132 3480 prino
1147 3413 1161 3484 Η
1180 3416 1197 3468 6
1210 3428 1275 3466 con-

162 3502 298 3557 tulissent
316 3506 364 3555 ΑΡ
390 3500 403 3572 Η
433 3501 614 3556 constituisse
634 3504 731 3565 scripsi
744 3520 780 3555 eu
793 3506 860 3568 Hyp.
890 3501 904 3572 Η
934 3501 1087 3556 contulisse
1107 3518 1118 3552 ε
1139 3499 1152 3568 Η
1177 3500 1275 3553 iesse

161 3593 221 3643 tam
244 3598 271 3641 et
291 3588 358 3658 quin
382 3591 475 3642 additi
494 3607 529 3642 ea
547 3593 652 3656 lippiae
683 3587 696 3659 Η
724 3588 1053 3659 ἱιιιιίιιιείιιιεοΗΙθιιιοιΡ
1081 3585 1094 3656 Η
1121 3585 1277 3640 utanturius

162 3679 187 3729 Δ
207 3674 221 3747 Η
243 3658 412 3742 utantur‚ius
431 3681 454 3728 P
477 3674 490 3746 Η
515 3679 533 3733 8
551 3693 586 3729 ex
605 3692 639 3729 eo
658 3674 721 3746 plus
740 3679 836 3743 scripsi
856 3694 891 3728 ea
911 3680 1015 3742 Hypino
1041 3671 1055 3744 Η
1081 3671 1203 3725 etztitiae
1222 3677 1244 3723 Ρ
1264 3670 1277 3741 Η

163 3801 183 3855 9
200 3798 305 3853 scelte
323 3798 336 3869 Η
358 3800 393 3853 10
411 3777 537 3867 singulte
556 3796 682 3867 singulas
697 3799 718 3848 P
737 3794 749 3866 Η
771 3797 805 3851 12
817 3800 981 3864 praecedant
997 3797 1085 3846 Germ.
1102 3802 1279 3848 osa—³5⁶
1368 3782 1374 3793 ⁶

157 3882 182 3955 ,Η
206 3887 241 3942 13
261 3886 322 3941 Gnt.
342 3888 450 3937 XXXV
468 3890 536 3952 Hyp.
555 3891 583 3938 P.
597 3889 628 3938 Α.
644 3888 676 3935 11
685 3891 721 3936 ³⁷
733 3888 778 3935 111
789 3892 825 3936 ³6
853 3881 867 3956 Η
895 3883 977 3936 Haec
995 3887 1014 3934 ι’.
1033 3900 1054 3937 e.
1073 3886 1152 3934 anaia
1182 3881 1195 3952 Η
1226 3898 1279 3953 que

163 4004 238 4060 quae
256 3968 289 4041 A'
304 3989 318 4062 Η
344 3991 379 4046 14
397 3966 661 4061 lptbricatpdicitur
673 3993 696 4040 Ρ
714 3987 726 4059 Η
748 3989 783 4045 16
801 4005 819 4042 s
831 3990 924 4040 addidi
944 3984 957 4055 Η
977 3985 1176 4057 ιιιιιΗιιιαΙιιιιιΑ
1199 3986 1212 4057 Η
1233 4001 1279 4038 ae-

162 4076 359 4149 quitestnaois
380 4077 472 4131 futura
491 4081 538 4129 ΑΡ
561 4073 576 4146 Η
600 4074 771 4147 aequitatem
789 4075 883 4129 nautis
903 4075 1011 4128 factura
1029 4077 1126 4140 scripsi
1147 4072 1160 4143 Η
1181 4073 1215 4127 17
1234 4087 1279 4125 ca·

162 4165 324 4218 taaromad
345 4163 359 4237 Η
380 4163 555 4237 οαῒαεΗιζθΠια
574 4167 597 4214 Ρ
614 4162 627 4233 Η
649 4163 695 4215 tut
715 4161 924 4232 καταστρώματι
947 4162 1009 4215 Cot.
1030 4160 1043 4230 Η
1064 4161 1098 4215 19
1115 4161 1280 4227 praecedunt

165 4254 261 4308 Germ.
273 4271 300 4308 a.
313 4256 458 4307 coa-cos
477 4249 492 4322 Η

1026 4337 1041 4389 t
