2948 5010
631 405 845 470 -41‚.

399 643 795 732 [PROGNOSTIOORVM
817 642 1060 729 RELIQVIAE]

158 809 175 873 l
272 819 361 884 Haeo
385 819 439 880 uia
461 815 539 881 solis
561 815 620 879 erit
641 815 691 881 bis
715 815 800 879 senis
821 812 930 879 lueida
953 813 1062 898 signis.

184 925 302 991 nobilis
323 926 374 990 hio
396 927 497 989 aries
519 931 632 989 aurato
655 924 784 1007 uellere,
808 922 969 1005 quondam

186 1035 240 1118 qui
260 1034 330 1099 tulit
352 1035 386 1099 in
407 1035 532 1099 Tauros
554 1033 715 1126 Phrixum,
740 1032 793 1115 qui
815 1031 955 1115 prodidit
976 1029 1100 1107 Hellen,

186 1163 281 1226 quem
303 1149 431 1227 propter
451 1141 606 1208 fabricata
626 1143 713 1227 ratis,
728 1150 834 1223 ‘quem
857 1138 981 1224 perfida
1003 1137 1130 1204 Colchis

186 1252 291 1336 sopito
313 1252 412 1336 uigile
434 1251 556 1316 inoesto
580 1250 710 1315 donauit
731 1248 840 1314 amori.

177 1360 332 1444 *eorniger
354 1359 406 1426 hio
427 1365 576 1438 taurus,
599 1358 689 1425 ouius
712 1359 848 1442 deeepta
868 1357 971 1440 figura
1005 1347 1008 1352 ’
1035 1369 1037 1376 ·

187 1471 326 1552 Europe,
345 1468 497 1533 thalamis
520 1475 552 1534 et
572 1459 755 1553 uirginitate
778 1468 898 1546 relicta,
923 1484 933 1498 ·
1054 1490 1057 1494 ·

188 1597 245 1661 per
267 1577 350 1642 freta
371 1577 515 1643 sublimis
537 1583 627 1661 tergo
649 1577 817 1642 mendacia
839 1577 937 1642 sensit
992 1661 994 1663 ι
1050 1662 1052 1665 ¹
1110 1624 1114 1642 ,

187 1686 291 1764 litora,
315 1687 450 1752 Cretaeo
473 1692 583 1771 partus
605 1686 700 1751 enixa
721 1686 843 1749 marito.

189 1800 263 1859 sunt
283 1795 436 1879 gemini,
455 1803 541 1878 ‘quos
563 1795 651 1859 nulla
674 1794 744 1859 dies
766 1795 824 1859 sub
847 1797 982 1859 Tartara
1004 1793 1101 1872 misit;

190 1902 248 1969 sed
271 1903 360 1968 eaelo
383 1923 517 1986 semper,
541 1904 645 1968 nautis
667 1902 842 1969 laetissima
864 1904 967 1988 signa,

191 2010 339 2077 Ledaeos
361 2012 470 2076 statuit
491 2012 617 2079 iuuenis
639 2018 730 2096 pater
751 2013 821 2095 ipse
845 2011 986 2077 deorum.

189 2127 222 2186 te
245 2140 381 2204 quoque,
404 2117 574 2214 fecundam
596 2127 729 2187 meteret
751 2142 822 2186 eum
844 2121 1019 2186 oomminus
1041 2120 1178 2205 hydram

191 2227 332 2307 Alcides,
357 2222 469 2294 ausum
491 2251 597 2296 morsu
621 2231 804 2315 contingere
817 2229 919 2295 ibello
1258 2216 1262 2223 ⁸

191 2337 298 2403 sidere
319 2337 459 2420 donauit,
484 2335 808 2425 cancer,'Saturnia
831 2341 921 2418 luno,
984 2333 987 2338 ’

160 2455 166 2466 “
190 2466 364 2528 numquam
386 2447 486 2512 oblita
508 2449 566 2533 sui,
590 2468 762 2529 numquam
784 2468 897 2513 seoura
919 2468 1067 2513 noueroa.

191 2555 267 2620 hino
287 2557 469 2642 Nemeaeus
492 2559 550 2622 erit
571 2558 660 2622 iuxta
681 2559 756 2637 leo;
780 2565 855 2621 tuno
876 2557 930 2640 pia
952 2558 1079 2639 uirgo;

191 2665 367 2747 scorpios
391 2666 463 2731 hino
486 2667 584 2751 duplo
608 2687 702 2749 quam
726 2672 831 2732 eetera
852 2665 996 2749 possidet
1018 2668 1095 2732 orbe
1222 2694 1227 2699 ·

192 2774 309 2858 sidera,
330 2795 388 2859 per
411 2776 540 2842 ohelas
562 2777 723 2858 geminato
745 2775 863 2840 lumine
885 2772 1025 2856 fulgens,

193 2905 286 2967 quem
311 2884 386 2949 mihi
410 2884 485 2951 diua
507 2893 600 2970 canet
620 2884 703 2950 dioto
725 2886 815 2969 prius
837 2885 964 2950 Orione.

191 2996 268 3061 inde
291 2995 505 3076 sagittifero
527 3000 631 3060 tentus
654 2992 837 3060 euruabitur
858 3016 961 3073 arcus,
1024 3012 1032 3020 ’

193 3107 249 3189 qui
272 3106 385 3170 solitus
407 3106 517 3169 Musas
539 3105 684 3170 uenerari
708 3105 852 3188 supplice
874 3106 989 3188 plausu

176 3220 348 3298 ,aceeptus
370 3215 461 3279 eaelo
483 3215 641 3279 Phoebeis
664 3212 755 3278 ardet
776 3214 815 3278 in.
832 3215 948 3288 armis„

194 3323 383 3391 ooohlidis
405 3325 592 3408 inuentor,
617 3324 706 3388 ouius
728 3323 855 3398 Titania
872 3322 953 3386 'flatu

194 3435 318 3518 proelia
340 3434 496 3498 commisit
519 3433 664 3498 diuorum
686 3432 800 3496 laetior
822 3438 911 3497 aetas

195 3545 365 3609 bellantem
389 3543 537 3607 oomitata
558 3541 827 3624 Iouem‚'pietatis
849 3541 1013 3625 honorem,

196 3661 231 3718 ut
251 3653 357 3717 iuerat
378 3651 526 3732 geminus
548 3651 658 3728 forma,
682 3650 729 3715 sie
752 3648 865 3733 sidere,
890 3655 980 3735 oepit.

195 3761 257 3839 hio,
279 3760 434 3841 Auguste,
456 3767 544 3824 tuum
567 3760 698 3842 genitali
720 3778 853 3843 corpore
876 3779 992 3825 numen

196 3868 348 3935 attonitas
370 3870 451 3935 inter
473 3869 577 3954 gentis
598 3867 797 3952 patriamque
819 3874 988 3951 pauentem

196 3980 231 4042 in
254 3977 377 4042 eaelum
400 3978 471 4042 tulit
493 3983 524 4042 et
546 3977 696 4048 maternis
719 3975 858 4040 reddidit
880 3977 983 4041 astris.

198 4069 362 4170 proximus
384 4086 531 4170 infestas,
555 4086 631 4151 olim
654 4104 734 4168 quas
756 4083 893 4171 fugerat,
916 4084 1022 4150 undas

197 4195 414 4264 Deucalion
435 4217 572 4280 paruam
594 4194 775 4263 defundens
798 4194 922 4260 indioat
943 4215 1066 4261 urnam.
