2948 5010
521 445 564 459 ····
607 428 771 475 xm·-

89 583 239 667 quamuis
262 579 429 663 aliquoties
453 582 615 665 pueriliter
637 581 820 666 peccauerit
839 579 890 667 [ci.
909 580 1017 645 Orelli.
1034 578 1077 645 ad
1092 601 1122 645 u.
1139 586 1202 649 508

90 699 411 786 523638fr.1111],
447 699 606 781 quaedam
638 700 748 765 ulcera
781 698 914 764 feliciter
941 699 1076 765 sanauit.
1113 700 1203 764 cuius

90 821 173 886 libro
198 821 366 904 Coburgae
390 839 475 883 anno
502 823 583 886 1715
607 818 692 883 edito
715 839 787 884 oum
810 836 968 901 carerem,
999 837 1054 883 eas
1077 819 1203 883 coniec-

90 945 179 1004 turas
201 920 471 1015 Schwadzianas,
502 956 584 1018 quae
606 935 683 1000 haut
706 935 906 1020 spernendae
928 935 1133 1015 uidebantur,
1163 956 1203 1002 ex

91 1059 206 1124 Orellii
227 1047 486 1123 adnotationibus
510 1059 653 1138 sumptas
675 1055 795 1120 addidi.
831 1057 865 1120 in
886 1056 972 1121 iusta
993 1061 1101 1122 autern
1123 1054 1203 1121 obli-

89 1177 187 1241 uione
203 1177 310 1242 iacent
325 1174 482 1242 editiones
497 1174 606 1238 Buhlii
629 1178 660 1238 et
673 1173 820 1238 Halmae.
843 1194 902 1239 neo
925 1174 1071 1256 quaesiui
1086 1174 1202 1239 librum

92 1294 349 1374 Schmidianum‚
380 1294 469 1359 ouius
496 1289 652 1360 memoria
678 1314 763 1358 nuno
790 1293 962 1385 septimum
981 1293 1047 1358 iam
1068 1293 1202 1358 lustrum

91 1412 250 1479 abolescit
272 1413 322 1492 [cf.
347 1412 457 1478 Orelli.
479 1434 511 1495 p.
531 1411 614 1499 luel.
659 1411 798 1477 Orellius
821 1432 898 1477 uero
921 1413 1039 1496 optime
1062 1411 1102 1478 de
1124 1410 1204 1477 Ger·
1330 1505 1331 1508 Ἴ

89 1533 218 1597 manico
241 1532 371 1597 meritus
394 1536 451 1611 est,
475 1532 592 1615 quippe
623 1532 677 1613 qui
698 1531 820 1615 primus
842 1535 915 1615 post
937 1530 1082 1595 Grotinm
1104 1531 1204 1597 libros

89 1672 189 1717 manu
212 1651 345 1736 scriptos
367 1650 561 1734 repetiuerit.
586 1650 613 1715 is
637 1650 665 1714 si
679 1649 859 1716 Basileensi
880 1650 985 1743 magis
1007 1650 1203 1729 indulsisset,

89 1769 171 1834 haut
196 1775 265 1834 erat
291 1788 370 1835 sane
400 1766 487 1852 quod
511 1769 680 1850 quisquam
707 1790 774 1834 rem
797 1769 839 1833 ab
866 1783 906 1834 eo
928 1768 1038 1852 perfici
1059 1789 1125 1834 non
1147 1789 1203 1852 po-

90 1887 194 1954 tuisse
215 1889 368 1954 crederet.
402 1887 536 1952 huiusce
564 1893 672 1953 autern
698 1881 799 1952 libelli
822 1907 936 1954 suasor
958 1895 1054 1970 atque
1077 1888 1204 1953 adiutor

90 2007 170 2071 mihi
202 2013 271 2072 erat
298 2008 488 2072 Martinus
516 2008 646 2091 Hertz,
678 2013 868 2092 praeceptor
892 2027 982 2072 meus
1010 2009 1201 2074 carissimus.

90 2147 166 2191 narn
193 2127 243 2190 uir
270 2126 325 2190 ille
346 2125 595 2190 humanissimus
619 2123 732 2189 studiis
754 2125 835 2190 meis
857 2126 891 2189 in
913 2125 1104 2192 Germanico
1127 2147 1203 2191 oon-

89 2245 239 2311 looandis
265 2243 346 2310 adeo
368 2244 463 2322 fauit,
492 2249 527 2308 ut
548 2249 648 2307 totum
669 2243 910 2307 instrumentum
933 2243 1088 2328 criticum,
1116 2245 1202 2327 quod

92 2364 170 2428 olim
193 2363 396 2428 Germaniam
420 2363 558 2427 Galliam
580 2363 707 2426 Italiam
730 2381 907 2447 peragrans
937 2364 1137 2448 conlegerat,
1167 2362 1202 2427 li-

90 2482 290 2548 beralissime
312 2501 435 2545 mecum
458 2481 716 2547 communicaret.
760 2487 927 2566 praeterea
950 2501 1048 2565 saepe
1069 2502 1202 2549 numero

91 2620 145 2666 me
174 2601 308 2666 consilio
341 2606 373 2666 et
405 2618 440 2663 re
473 2600 634 2664 iuuerunt'
654 2599 877 2665 Ioachimus
910 2600 1137 2682 Marquardt
1171 2607 1204 2666 et

93 2718 487 2784 Hermannus·Peter.
518 2717 639 2783 laboris
669 2723 774 2782 autern
797 2724 921 2802 partem
943 2718 1072 2784 minime
1094 2719 1203 2784 iucun-

93 2835 170 2901 dam
196 2836 310 2902 lubens
337 2837 477 2921 suscepit
505 2835 734 2901 Theodorus
763 2838 875 2902 Pltlss
896 2837 1003 2902 indice
1024 2837 1058 2900 in
1081 2837 1203 2902 scholia

91 2954 301 3020 conficiendo.

546 3134 743 3144 ----—

179 3289 263 3353 Dum
288 3287 374 3354 liber
396 3288 580 3368 excuditur‚
603 3289 770 3356 Adolfus
792 3292 993 3376 Kiessling
1014 3298 1102 3357 tanta
1125 3311 1202 3373 erga
1327 3328 1329 3330 -

91 3427 144 3473 me
166 3407 226 3471 luit
247 3407 447 3488 liberalitate,
470 3414 505 3473 ut
519 3407 669 3474 editionis
683 3415 813 3476 nostrae
827 3412 977 3495 plagulas
1000 3430 1109 3476 rursus
1131 3430 1201 3474 oum

90 3525 274 3591 Basileensi
296 3513 725 3593 accuratissime'conierret.
749 3550 812 3612 quo
833 3529 949 3595 facturn
974 3535 1038 3613 est,
1061 3532 1095 3591 ut
1117 3546 1202 3608 quae

90 3645 126 3708 in
157 3645 418 3711 adnotationibus
451 3651 506 3710 aut
539 3645 659 3711 omissa
690 3653 746 3711 aut
780 3669 844 3712 non
876 3654 962 3713 recte
992 3648 1096 3712 relata
1129 3651 1203 3711 sunt

91 3761 155 3827 hoc
180 3762 251 3830 loco
280 3769 312 3829 et
340 3762 462 3830 addere
485 3771 516 3830 et
538 3766 697 3848 corrigere
720 3784 857 3847 possem.
881 3771 954 3829 sunt
976 3770 1081 3830 autem
1103 3765 1200 3831 haec:
1288 3817 1291 3822 .

92 3915 214 3980 Phaen.
238 3920 258 3983 2
281 3923 314 3981 tui
342 3922 361 3984 9
385 3923 414 3981 td
444 3923 486 3986 90
507 3863 704 3998 EhlgnNs
724 3918 951 3997 SEQVITVR
977 3924 1017 3986 97
1042 3907 1200 3983 matarita-

93 4061 153 4121 qac
178 4040 237 4103 107
261 4039 322 4100 telo
345 4038 518 4119 cloferebco
540 4056 570 4099 u,
591 4041 652 4103 143
674 4042 793 4118 postu.
812 4042 873 4105 134
894 4037 940 4100 ita
961 4036 1100 4118 legiturz‘
1116 4037 1200 4120 qar'e-

94 4157 168 4240 quis
189 4157 300 4239 priora
324 4163 403 4219 tenet
419 4156 554 4238 creatique
570 4157 708 4240 quinque
724 4155 872 4240 secundo,
890 4175 947 4219 suo
964 4154 1035 4218 loeo
1051 4153 1110 4216 ita:
1134 4154 1202 4237 qai-

95 4287 156 4360 q'ac
171 4275 268 4360 prior
290 4287 369 4339 tecet
391 4275 527 4358 cantapia
550 4276 635 4359 quiq.
659 4275 797 4340 sconarda
826 4278 888 4342 1482
909 4275 1053 4361 occupatae
1074 4275 1105 4335 et
1127 4275 1202 4336 ante
