2948 5010
631 398 782 498 ..qqq
825 466 868 479 .-

159 593 355 674 Sterfeotos
380 597 433 681 qui
451 599 535 664 louis
553 598 688 666 fulmina
703 599 800 664 furati
816 599 953 664 fuerant.
978 598 1066 682 quod
1087 597 1313 664 absconditum

197 702 301 768 ferunt
316 704 359 769 ad
374 707 558 788 aquilonem
573 715 605 775 et
619 715 749 794 peracta
764 728 802 774 ac
823 709 931 793 potius
953 709 1066 775 sedata
1087 707 1144 773 lite
1159 707 1313 792 adsump

196 817 262 877 tum
285 820 317 880 ct
339 815 382 880 ad
404 817 505 898 pedes
528 819 686 900 sagittarii
707 820 790 884 inter
812 823 900 884 astra
915 818 1117 883 collocatum.
1140 816 1243 882 habet
1256 836 1312 882 au-

196 926 259 987 tem
282 925 392 990 stellas
414 930 489 1011 tres,
512 928 546 991 in
569 948 692 992 summo
715 951 736 1006 1,
758 928 791 991 in
814 927 919 992 modio
942 926 1114 992 obscuram
1137 948 1159 1003 1,
1181 924 1218 990 in
1233 945 1311 1011 peu-

172 1031 247 1096 onis
269 1056 303 1097 11.
327 1055 392 1099 una
415 1034 612 1120 splendidior
634 1037 709 1101 alia.

279 1142 450 1225 Vnguibus
472 1144 631 1233 innocuis]
858 1225 861 1228 ‚

284 1253 434 1335 Aquilam
468 1274 545 1318 sane
578 1255 660 1321 inter
694 1261 782 1320 astra
814 1254 1004 1319 collocatam
1037 1253 1149 1318 dicunt
1182 1258 1335 1338 propter*

197 1361 433 1448 Ganymedem,
458 1364 545 1429 iouis
567 1365 758 1448 ministrum,
787 1382 882 1445 quom
905 1363 1012 1446 rapuit
1032 1364 1066 1427 in
1089 1362 1231 1428 caelum.
1265 1367 1314 1427 est

74 1556 80 1562 ῃ
198 1473 280 1536 euim
313 1491 353 1537 ea
377 1477 409 1537 ct
432 1473 557 1558 signum
579 1474 683 1552 louis,
717 1471 820 1556 quod,
851 1492 922 1536 cum
951 1472 996 1536 dii
1024 1493 1137 1538 omnes
1160 1473 1313 1538 uolucres

162 1597 186 1635 10
199 1581 283 1645 inter
305 1601 339 1646 se
356 1582 544 1667 diuiderent,
568 1604 638 1650 eam
660 1583 700 1647 in.
715 1581 863 1667 portione
887 1583 1016 1648 sortitus
1039 1583 1081 1647 sit
1094 1580 1195 1647 Iouis.
1219 1601 1314 1665 prop

197 1696 246 1755 ter
278 1689 363 1772 quod
397 1694 492 1759 altius
521 1692 641 1758 cunctis
668 1690 855 1775 uolatilibus
889 1691 999 1757 euolat
1033 1695 1064 1755 et
1095 1709 1206 1774 paene
1232 1691 1315 1757 iuter

198 1822 309 1868 omues
338 1802 550 1886 principatum
581 1809 682 1881 tenet,
711 1807 743 1868 et
773 1800 861 1883 quod
882 1800 954 1866 sola
977 1801 1085 1865 auium
1108 1800 1189 1866 solis
1212 1798 1315 1864 radiis

198 1932 263 1976 non
282 1917 456 1988 terreatur,
478 1931 617 1993 namque
639 1913 684 1975 ita
707 1917 756 1978 est
777 1915 928 1996 spectans
951 1911 992 1974 ad
1015 1910 1173 1975 orientem
1196 1909 1315 1994 pennis

198 2020 309 2087 tensis.
341 2019 578 2103 Aglaosthenes
594 2019 679 2105 dicit,
701 2023 810 2087 Iouem
832 2021 867 2085 in
888 2019 1029 2102 aquilam
1051 2019 1315 2101 transfiguratum

161 2210 191 2275 (i
282 2215 421 2281 loculum
437 2220 542 2278 autom
558 2221 614 2299 est,
632 2236 695 2299 quo
712 2216 822 2281 dicunt
836 2234 948 2280 omncs
965 2232 1089 2300 cygnos
1105 2213 1146 2277 ab
1162 2211 1316 2298 Apolline

198 2324 382 2393 interfectos
406 2344 444 2389 eo
467 2322 554 2406 quod
575 2323 664 2389 louis
686 2325 806 2390 fulmen
828 2324 949 2406 '‘fugati
971 2321 1138 2401 fecissent,
1171 2322 1261 2404 quod
1284 2326 1315 2385 et

200 2433 419 2501 absconditum
447 2432 550 2497 ferunt
578 2432 621 2496 ad
649 2433 830 2515 aquilonem
859 2438 891 2498 ct
917 2437 1047 2517 peracta
1074 2450 1113 2495 ac
1135 2416 1246 2514 potius
1267 2449 1314 2495 se-

201 2546 277 2608 data
298 2544 353 2608 lite
376 2542 578 2622 adsumptum
603 2547 635 2604 et
655 2540 698 2605 ad
720 2542 822 2625 pedes
845 2541 1004 2624 sagittarii
1018 2541 1102 2605 inter
1123 2545 1215 2605 astra
1238 2557 1312 2604 con-

202 2656 349 2719 locatum.
378 2649 475 2715 habet
497 2649 607 2714 stellas
623 2650 643 2690 *
658 2651 677 2690 *
692 2651 711 2690 *

163 2787 189 2826 ao
286 2761 433 2845 Aquilam
461 2778 538 2824 sane
565 2761 647 2824 inter
678 2760 785 2826 sidera
810 2761 1008 2826 conlocatam
1039 2757 1171 2822 fabulae
1205 2757 1313 2822 ferunt

201 2877 330 2956 propter
350 2871 471 2934 Iouem.
506 2870 575 2953 qui,
599 2890 670 2933 cum
692 2868 736 2934 dii
759 2888 870 2934 omnes
891 2869 1041 2934 uolucres
1063 2867 1148 2931 inter
1170 2886 1207 2931 se
1231 2865 1311 2930 diui-

203 2981 322 3062 derent,
346 2998 417 3043 eam
438 2978 472 3041 in
493 2978 640 3062 portione
663 2979 793 3045 sortitus
816 2980 874 3056 sit,
898 2999 935 3058 eo
960 2979 1046 3060 quod
1069 2975 1166 3041 altius
1189 2973 1312 3039 cunctis

203 3088 386 3154 uolatilibus
409 3088 515 3152 euolat
546 3094 578 3153 et
598 3105 702 3170 paene
724 3089 807 3153 inter
829 3087 935 3152 omnia
956 3087 1170 3171 principatum
1192 3088 1311 3149 teneat

163 3294 184 3343 8
239 3287 254 3340 1
273 3286 386 3339 fulmine
406 3290 426 3338 S
446 3283 460 3356 Η
482 3281 556 3353 quod
575 3300 625 3335 om.
644 3288 667 3335 V
684 3281 697 3353 Η
717 3283 735 3336 2
753 3282 841 3336 fertur
864 3287 886 3335 V
905 3281 918 3353 Η
939 3298 966 3342 sa
990 3280 1130 3335 sedatas
1151 3279 1164 3350 Η
1184 3294 1312 3349 assump·

200 3377 259 3427 tum
282 3380 304 3426 V
341 3373 354 3444 Η
392 3373 450 3426 511
471 3375 598 3424 etnnam
619 3369 795 3442 splendidam
818 3375 840 3423 V
877 3369 890 3439 Η
929 3369 985 3422 alia
1003 3373 1024 3421 8
1042 3370 1165 3434 conspicor
1184 3366 1276 3421 altera
1297 3363 1312 3436 Η

201 3463 217 3516 6
238 3465 324 3514 Germ.
337 3463 479 3512 ets-82⁰
498 3461 518 3508 8
543 3455 556 3528 Η
586 3458 603 3512 8
623 3455 804 3511 Ganimedem
822 3461 871 3510 SV
895 3456 909 3528 Η
936 3455 998 3510 Ioui
1016 3459 1037 3508 8
1063 3453 1076 3524 Η
1102 3455 1119 3509 9
1139 3452 1215 3506 euim
1232 3453 1263 3506 iu
1281 3467 1314 3506 ca

201 3548 309 3616 signnm
327 3552 349 3600 V
368 3545 380 3616 Η
397 3561 420 3614 q
438 3560 500 3598 cum
518 3547 539 3595 8
560 3541 573 3613 Η
594 3544 629 3598 10
647 3546 693 3596 est
709 3547 731 3595 V
749 3542 763 3614 Η
783 3545 816 3598 11
835 3559 924 3614 penes
944 3547 964 3594 8
985 3539 999 3611 Η
1018 3556 1092 3612 peno
1109 3545 1133 3593 V
1151 3537 1165 3611 Η
1186 3541 1223 3594 12
1239 3538 1313 3609 prin·

203 3633 312 3703 cipatus
331 3638 352 3686 8
372 3629 386 3702 Η
407 3633 441 3686 13
458 3645 514 3683 non
533 3647 582 3680 om.
607 3633 629 3679 V
649 3627 662 3700 Η
681 3628 779 3698 Nanq;
803 3635 826 3682 V
845 3627 857 3700 Η
879 3633 925 3682 est
943 3633 1027 3683 om.s
1045 3627 1059 3698 Η
1081 3627 1117 3681 14
1134 3624 1313 3695 Aglotluanes
1337 3630 1341 3635 ’

203 3722 223 3770 8
243 3718 257 3788 Η
276 3719 467 3787 Alghostenos
490 3721 512 3768 V
530 3713 544 3784 Η
564 3713 696 3783 aquilas
718 3713 731 3784 Η

167 3856 191 3903 6
239 3846 272 3900 15
291 3863 326 3900 ex
345 3860 400 3914 quo
421 3842 526 3897 θθαθῡ
545 3841 560 3914 Η
581 3857 686 3911 cygnus
707 3844 731 3895 θ
751 3841 764 3914 Η
785 3843 882 3912 cignus
904 3845 943 3934 Ga
964 3842 978 3915 Η
999 3843 1098 3912 cignos
1117 3863 1188 3902 corr.
1203 3865 1241 3901 ea
1258 3846 1315 3917 cig-

204 3984 268 4022 num
289 3967 324 4022 θ’
345 3964 358 4036 Η
379 3963 497 4033 apolone
518 3959 612 4013 &⁰6⁶¹
631 3979 701 4016 corr.
722 3962 772 4017 0⁶²
791 3962 805 4034 Η
827 3965 861 4018 16
880 3939 963 4035 iouds
984 3967 1008 4018 G
1028 3964 1042 4037 Η
1063 3965 1124 4019 siue
1143 3965 1205 4020 ioni
1222 3985 1315 4037 scarpo

207 4053 243 4107 0⁶
263 4052 276 4125 Η
296 4052 414 4107 fecisset
428 4050 451 4100 G
467 4047 479 4116 Η
501 4049 533 4102 17
548 4045 647 4099 sedata
661 4051 727 4102 (ἔθα
742 4060 805 4103 astte
819 4069 890 4104 corr.
906 4049 943 4103 (3⁶
964 4048 978 4121 ΙΙ
997 4052 1032 4107 19
1046 4050 1316 4108 SAGITTARIVS

204 4158 271 4192 unco
289 4137 465 4192 subscribitur
486 4133 524 4199 G,
549 4136 691 4198 tmoqioem
710 4139 841 4203 praecem
860 4155 950 4190 omues
976 4135 991 4206 Η
1018 4138 1054 4194 20
1077 4136 1180 4207 sydera
1201 4136 1284 4193 (ἔσθ’
1302 4137 1316 4208 Η

206 4225 311 4294 fingunt
330 4218 411 4278 (3⁰6⁶
431 4218 444 4288 Η
470 4219 505 4274 23
523 4232 595 4287 pene
616 4219 640 4272 θ
659 4221 673 4293 Η
693 4238 784 4295 poeno
805 4221 886 4299 (3⁰0⁵
907 4220 920 4293 Η
940 4225 1019 4277 tenet
1039 4221 1119 4278 0⁰6⁵
1141 4221 1156 4294 Η
