2948 5010
635 422 868 489 -164-

160 592 275 660 SSole
303 593 450 657 dicuntur
478 591 508 656 ei
534 591 655 655 lumina
681 592 835 656 restituta.
869 610 980 658 uersus
1008 591 1050 656 ad
1077 589 1313 674 Oenopionem.

199 703 268 785 qui,
299 722 369 767 enm
393 722 414 765 a
437 701 561 766 ciuibus
584 702 833 766 absconderetur
856 701 1024 784 Oenopion
1046 702 1222 785 desperata
1244 697 1312 763 eius

197 813 381 877 inuentione
405 811 502 875 Oreta
525 818 573 875 est
595 810 768 894 profectus.
796 810 840 874 ibi
864 830 935 875 euru
957 811 1116 877 inmodico
1139 815 1313 874 ueneratur

199 899 293 987 et⁴ab
317 923 425 986 Diana
448 922 675 1004 corriperetur,
699 921 743 985 ait
768 941 802 985 se
826 921 945 985 nullam
967 921 1068 985 feram
1089 921 1122 984 in
1145 917 1242 983 terris
1265 936 1313 982 re

175 1031 356 1095 ⁵licturum.
390 1032 501 1096 Tellus
524 1031 691 1113 indignata
718 1030 918 1113 scorpionem
946 1030 1056 1094 extulit
1078 1029 1198 1093 inmani
1222 1048 1312 1109 mag·

200 1140 358 1225 nitudine‚
390 1142 444 1223 qui
474 1161 596 1225 poenas
620 1140 913 1224 magniloquentiae
936 1141 1005 1205 eius
1028 1141 1180 1223 exigeret.
1226 1136 1311 1203 louis

200 1257 307 1315 autem
324 1250 476 1316 Orionem
500 1253 540 1317 ob
563 1253 713 1315 uirtutem
737 1250 832 1316 astris
854 1249 969 1314 intulit.
992 1249 1078 1315 idem
1101 1253 1219 1329 rogatu
1234 1247 1312 1313 Dia·

199 1380 261 1425 nae
285 1360 487 1443 scorpionem
510 1363 600 1426 caelo
624 1361 705 1425 inter
727 1365 812 1424 astra
834 1359 1004 1425 duodecim
1027 1358 1208 1424 collocauit.
1234 1377 1311 1439 quo-

199 1490 269 1533 rum
292 1476 403 1534 eontra
419 1470 672 1551 magnitudinem
689 1470 803 1535 stellae
820 1489 946 1551 quoque
963 1489 1073 1535 eorum
1094 1468 1310 1551 amplissimae

162 1593 187 1632 1⁰
201 1584 283 1643 sunt.
316 1579 558 1646 Aristomachus
581 1586 686 1645 autem
710 1579 787 1644 dicit
808 1579 986 1644 †Oaubrisa
1008 1577 1169 1662 quendam
1191 1577 1310 1642 Thebis

200 1695 275 1754 uoto
299 1691 428 1773 petisse,
451 1696 486 1754 ut
509 1690 609 1753 filium
631 1691 774 1755 haberet.
798 1688 842 1753 ad
864 1708 958 1770 quem
980 1689 1065 1753 louis
1089 1693 1121 1752 et
1135 1686 1309 1752 Mercurius

200 1804 231 1864 et
254 1800 422 1882 Neptunus
444 1802 476 1864 in
499 1801 638 1884 hospitio
662 1800 868 1864 deuenerunt.
904 1799 958 1879 qui
981 1798 1027 1863 eis
1049 1796 1189 1863 hostiam
1211 1796 1309 1861 inmo-

198 1908 286 1992 lauit‚
310 1915 343 1971 ut
358 1909 442 1974 filius
464 1916 658 1975 nasceretur.
684 1909 773 1973 euius
793 1907 909 1994 {bouis}
934 1908 1019 1991 pelle
1041 1908 1186 1971 detracta
1210 1905 1256 1970 dii
1276 1905 1309 1968 in

200 2038 271 2082 eam
287 2019 413 2083 urinam
428 2020 534 2084 secere
553 2021 707 2100 iussuque
723 2018 871 2082 Mercurii
895 2023 980 2082 terra
1003 2017 1117 2081 obruta
1141 2022 1201 2095 est,
1225 2016 1308 2081 unde

162 2144 185 2182 1⁵
198 2147 279 2211 puer
301 2148 398 2211 supra
424 2129 526 2194 dietus
550 2129 590 2193 sit
613 2134 721 2204 natus,
753 2147 846 2208 quem
870 2128 990 2192 Oriona
1012 2126 1259 2209 appellauerunt
1280 2130 1309 2189 et

161 2368 313 2441 Geontra
336 2396 408 2440 euin
423 2378 523 2440 Terra
546 2376 725 2460 scorpionis
747 2377 811 2439 ictu
832 2375 978 2440 interisse
1001 2380 1031 2442 et
1055 2376 1095 2439 ob
1111 2374 1174 2439 hoc
1196 2395 1218 2438 a
1232 2372 1307 2438 Ioue

199 2485 282 2549 inter
299 2490 387 2549 astra
403 2486 602 2549 conlocatum
620 2506 699 2551 esse.
740 2486 982 2551 Aristomachus
1005 2484 1215 2561 autemdicit,
1239 2504 1307 2549 eum

199 2599 329 2677 propter
352 2593 497 2658 iniuriam
523 2593 688 2659 cuiusdam
713 2595 806 2679 pueri
829 2595 862 2659 in
878 2593 1044 2660 Thebaide
1065 2594 1137 2658 loui
1160 2595 1307 2678 Neptuno

200 2709 231 2768 et
252 2704 408 2768 Mercurio
432 2705 546 2769 bouem
569 2704 770 2788 immolasse,
804 2705 895 2771 errius
917 2703 1010 2768 bouis
1034 2703 1154 2768 corium
1177 2703 1308 2768 induere

162 2835 188 2873 πο
201 2820 233 2879 et
261 2814 381 2878 urinam
405 2821 517 2899 potare
545 2815 585 2879 sit
612 2814 717 2879 iussus
746 2815 916 2879 etidcirco
945 2813 1050 2878 factus
1073 2813 1113 2878 sit
1136 2813 1307 2897 superemi-

200 2943 278 2987 nens
302 2929 333 2987 et
359 2929 491 3007 propter
515 2922 638 2987 urinam
662 2922 760 2988 Orion
785 2925 975 2988 nominatus.
1011 2902 1109 2986 hibet
1138 2922 1251 2987 stellas
1276 2922 1305 2985 in

201 3032 304 3115 capite
326 3039 392 3099 tres
416 3034 531 3099 claras.

160 3280 181 3329 S
235 3286 250 3339 1
271 3288 299 3337 et
317 3299 446 3336 reuersus
467 3286 511 3336 est
528 3288 550 3334 V
570 3282 582 3354 ΗΗ
603 3287 619 3339 3
638 3271 729 3338 cretas
748 3285 925 3354 profectusS
944 3283 958 3354 ΗΗ
978 3287 1082 3337 cretam
1101 3288 1146 3338 est
1165 3286 1305 3356 prefectus

203 3378 225 3425 V
245 3371 257 3442 Η
277 3370 424 3424 immodice
451 3375 470 3421 V
489 3367 502 3441 Η
528 3373 546 3426 4
565 3388 581 3425 a
600 3371 697 3441 Dyana
721 3377 742 3424 V
766 3370 779 3441 Η
805 3373 821 3427 5
841 3372 869 3424 in
887 3371 938 3424 tali
958 3369 1146 3439 magnitudine
1166 3375 1187 3423 S
1209 3372 1221 3439 Η
1241 3372 1304 3425 mire

198 3457 396 3528 magnitudinis
421 3462 442 3510 V
461 3456 473 3526 Η
495 3460 511 3511 6
530 3476 617 3529 penas
636 3464 684 3512 SV
704 3459 716 3530 ΗΗ
737 3459 814 3513 Ionis
834 3461 925 3510 autem
946 3462 1029 3509 cirins
1050 3455 1063 3528 Η
1084 3458 1100 3510 7
1118 3461 1235 3525 rogatus
1254 3461 1274 3511 S
1293 3457 1305 3527 Η

200 3546 288 3614 dyene
313 3550 333 3597 V
353 3543 366 3615 Η
387 3546 404 3600 8
423 3544 496 3598 inter
515 3549 592 3598 astra
611 3545 759 3600 duodecim
780 3546 841 3599 celo
866 3551 888 3598 V
908 3544 920 3614 Η
942 3547 976 3600 10
994 3544 1231 3599 Aristhomachns
1255 3546 1304 3613 Vll

200 3632 336 3687 Oaubrisa
349 3636 398 3684 SV
416 3631 429 3701 Η
449 3632 575 3685 thehisS
595 3631 600 3702 Η
632 3635 663 3686 11
684 3632 841 3702 petissess
863 3631 875 3700 ΗΗ
897 3632 933 3684 ad
952 3637 1035 3685 onas
1056 3631 1069 3701 Η
1089 3633 1186 3686 Iouem
1206 3637 1236 3687 et
1253 3638 1273 3687 S
1291 3632 1305 3703 Η

199 3722 233 3775 12
251 3721 278 3773 in
299 3739 348 3773 ens.
367 3724 389 3772 V
407 3719 420 3790 Η
442 3720 480 3787 Ol
500 3720 541 3772 eis
560 3724 581 3770 S
601 3719 615 3789 Η
634 3720 819 3773 imolauerunt
837 3724 858 3771 S
879 3718 893 3789 Η
918 3720 1046 3773 imolauit
1069 3717 1123 3790 Vll
1145 3722 1178 3775 14
1197 3738 1232 3775 ea
1254 3720 1305 3791 Vll

198 3807 291 3861 iecere
311 3826 378 3862 corr.
394 3824 428 3859 ea
447 3806 577 3860 faceres
602 3804 616 3876 Η
636 3810 681 3859 est
699 3811 782 3862 συιδ
808 3805 820 3877 Η
848 3808 881 3861 15
899 3810 981 3860 natus
1001 3811 1045 3860 est
1069 3811 1091 3859 V
1109 3805 1121 3876 Η
1147 3807 1273 3863 Oriens
1293 3806 1305 3878 Η

199 3893 331 3949 Orionem
355 3898 377 3945 V
396 3892 409 3966 Η
430 3895 565 3948 Vrionem
586 3895 600 3943 t
619 3894 782 3946 Seltoeteeh.
805 3894 818 3963 Η

161 4053 185 4100 6
234 4051 266 4104 ll
285 4048 517 4103 Aristhomachus
539 4050 562 4100 Ο
587 4046 600 4115 Η
626 4051 718 4101 autem
739 4069 787 4103 one
804 4048 882 4101 gago
912 4048 925 4119 Η
955 4050 989 4103 18
1008 4048 1144 4102 thebaida
1164 4050 1270 4105 00⁶0*
1294 4050 1306 4120 Η

198 4139 232 4192 19
251 4136 344 4190 corius
365 4135 454 4189 OVOM
488 4134 500 4206 Η
533 4136 566 4188 21
586 4134 691 4189 urinam
712 4155 761 4190 one.
782 4135 872 4189 G⁰Gl¹
904 4135 918 4207 Η
950 4137 985 4191 22
1005 4137 1094 4190 claras
1113 4156 1162 4190 om.
1183 4138 1263 4193 θ’θ’
1294 4137 1308 4211 Η

200 4220 324 4277 ORION
344 4223 368 4274 0
386 4226 527 4290 imaginem
547 4224 648 4274 addunt
669 4240 765 4275 opines.
