2948 5010
618 399 833 464 ..87-

173 592 237 638 ras.
271 589 394 636 summa
414 591 504 634 xvnr.
538 569 596 635 sed
618 588 720 653 aquae
746 569 845 635 fusio
873 570 908 636 iit
930 591 970 637 ex
991 573 1092 638 stellis
1110 596 1203 655 xxxr,
1228 593 1274 642 *ex

174 681 291 764 quibus
312 681 419 745 clarae
441 678 534 757 duae,
556 683 680 745 ceterae
703 680 866 745 obscurae.

261 789 515 874 Capricornus
537 787 615 852 thee
638 787 875 854 similitudinem
897 790 1081 875 Aegipanes
1103 792 1209 857 habet.
1233 795 1275 859 ab

172 924 211 969 eo
242 902 324 968 enim
339 906 401 970 ,est
426 898 538 965 faetus.
577 898 674 963 habet
694 898 902 981 posteriorem
927 906 1050 984 partem
1077 902 1185 988 piscis,
1217 905 1275 970 sed

171 1013 308 1098 priorem
335 1028 449 1093 caprae
478 1028 597 1074 cornua
622 1007 777 1073 habentis.
807 1007 892 1073 hunc
915 1009 1072 1075 honorem
1102 1012 1273 1080 adsecutus
1299 1043 1311 1079 s

175 1121 310 1198 dicitur,
324 1118 411 1203 quod
433 1138 504 1183 oum
524 1119 601 1182 Ioue
623 1123 707 1183 esset
729 1118 872 1184 nutritus.
902 1119 1107 1205 Epimenides
1130 1121 1216 1203 dieit,
1239 1125 1272 1189 in

172 1232 232 1296 Ida
260 1234 412 1311 utrosque
443 1226 577 1292 nutritos
604 1232 636 1291 et
660 1227 702 1291 ad
723 1228 909 1294 Titanorum
942 1229 1063 1294 bellum
1096 1249 1168 1296 cum
1194 1226 1272 1300 Ioue

169 1339 357 1426 profectum.
387 1338 550 1421 uictorque
575 1337 715 1421 Iuppiter
746 1338 841 1403 astris
871 1359 944 1404 eum
976 1340 1122 1406 intulisse
1155 1341 1272 1409 debetur

169 1452 257 1536 quod
283 1450 351 1517 eius
380 1468 477 1532 opera
503 1446 555 1512 dei
581 1449 693 1513 armati
721 1454 843 1533 essent,
871 1450 946 1515 item
974 1455 1105 1516 matrem
1129 1450 1197 1517 eius
1219 1472 1272 1517 oa·

167 1582 271 1650 pram.
294 1566 325 1626 et
340 1558 425 1642 quod
441 1557 574 1623 eoeblon
588 1557 765 1623 inuenisset
785 1559 819 1623 in
840 1581 938 1645 mare,
959 1560 1034 1626 ideo
1056 1561 1154 1644 piscis
1168 1562 1272 1626 cauda
1284 1593 1309 1632 ro

169 1692 242 1739 esse
269 1674 418 1734 notatum.
449 1667 545 1734 habet
571 1668 682 1734 stellas
704 1668 818 1750 uiginti
839 1689 906 1735 sex.
936 1669 1085 1751 Nigidius
1108 1669 1149 1734 de
1170 1671 1269 1754 capri-
1363 1755 1366 1760 ,

168 1801 265 1849 oomo
288 1779 334 1845 sie
355 1778 465 1844 refert:
487 1777 647 1842 inmortali
668 1777 789 1843 honore
812 1779 973 1864 donatum,
996 1800 1058 1862 quo
1080 1779 1113 1843 in
1127 1785 1270 1864 tempore

167 1890 307 1976 Typhon
332 1889 365 1953 in
395 1890 501 1952 monte
526 1889 630 1951 Tauro
657 1888 842 1971 speluncam
868 1888 999 1954 haberet
1025 1894 1057 1955 et
1087 1889 1269 1974 Aegyptum

166 2000 329 2066 incoleret.
352 1998 528 2063 inmortalis
550 1997 717 2063 eonsilium
738 1995 898 2084 habuisse,
919 2018 995 2064 num
1017 2006 1150 2083 possent
1171 2002 1200 2066 ei
1215 2001 1269 2068 ob-

166 2110 290 2187 sistere,
313 2129 383 2174 oum
406 2107 452 2173 eis
475 2106 641 2173 eonsilium
662 2110 730 2172 Pan
753 2106 853 2193 daret,
878 2110 1030 2194 sineque
1053 2117 1154 2175 terras
1175 2111 1307 2182 rolin-1⁵

167 2239 265 2304 quere
286 2219 406 2283 uellent
432 2235 537 2298 neque
557 2216 721 2301 Typhonis
749 2216 926 2283 inmanitati
951 2219 1098 2285 resistere
1125 2226 1267 2306 possent,

164 2336 200 2395 ut
227 2329 370 2396 consulte
403 2325 522 2408 figuras
552 2326 757 2411 immutarent,
792 2327 825 2392 in
856 2349 953 2410 quam
984 2328 1056 2412 quis
1083 2331 1182 2398 uellet
1210 2351 1267 2398 seu

165 2440 284 2506 bestias
305 2457 363 2503 seu
384 2437 546 2502 uolucrem
566 2437 686 2520 piscem
709 2436 879 2521 pecudem,
909 2439 984 2503 dum
1010 2444 1134 2524 tempus
1155 2441 1198 2506 ad
1219 2442 1267 2506 ul-

164 2548 348 2616 ciscendum
370 2556 416 2614 se'
428 2545 617 2612 ostenderet.
641 2568 778 2629 namque
793 2554 895 2613 terras
911 2549 1091 2632 relinquere
1111 2570 1177 2614 non
1198 2551 1267 2616 dari

163 2663 353 2744 potestatem
366 2657 594 2740 inmortalibus,
618 2656 786 2722 considere
802 2664 907 2722 autem
923 2678 993 2723 eum
1008 2658 1183 2725 sceleribus
1198 2661 1267 2725 eius
1278 2696 1305 2735 m

162 2769 326 2855 indignum
350 2767 480 2834 deorum
502 2767 678 2852 potestatis,
701 2767 758 2833 sed
779 2766 901 2832 ratione
921 2767 1037 2850 impios
1051 2788 1175 2852 poenas
1190 2789 1265 2851 pen-

163 3005 180 3059 1
193 3006 296 3075 quaed
314 3000 327 3073 11
341 3017 395 3073 qun
408 3005 430 3053 Ρ
442 2997 456 3071 11
470 3015 559 3071 aquae
574 3001 732 3051 Strozzioo.
748 2995 761 3069 11
776 2960 876 3053 effusio
889 3002 912 3050 P
929 2997 943 3070 11
964 2973 1076 3053 adtollis
1088 3003 1112 3050 Ρ
1127 2996 1142 3070 11
1161 3001 1179 3055 2
1191 2999 1265 3056 clare

163 3097 187 3144 P
204 3090 217 3164 11
237 3093 255 3148 3
271 3092 324 3145 hae
343 3109 393 3144 om.
412 3094 435 3141 P
453 3086 466 3160 11
486 3089 539 3143 hae
557 3085 764 3142 similitudinem
783 3090 804 3137 Δ
826 3083 840 3157 11
860 3102 926 3142 sane
945 3085 1153 3142 similitudinem
1175 3090 1266 3146 Vrbis.

162 3219 274 3270 straza.
287 3216 404 3282 sonasse
419 3215 556 3278 leprarum
569 3209 754 3282 Capricornus
767 3207 813 3261 hie
826 3211 878 3262 est.
897 3205 911 3279 11
930 3208 1021 3275 babeo
1034 3212 1057 3261 Ρ
1074 3206 1088 3279 11
1106 3183 1265 3280 4ρξεοίεεο

161 3304 316 3376 prioremrl
338 3299 352 3372 11
371 3300 458 3372 piscis
477 3299 528 3355 sed
545 3299 672 3370 priora?
691 3295 705 3367 11
724 3296 921 3366 lidaustrosq.
933 3297 1069 3351 nutritore
1081 3300 1129 3350 ΑΡ
1139 3315 1265 3354 correbe-

161 3400 225 3445 ΝΜ
237 3394 348 3443 scrozz.
363 3398 389 3441 et
406 3389 466 3442 Vrb.
486 3386 500 3459 11
520 3388 732 3442 attitanorumd
753 3383 766 3456 11
785 3386 802 3439 8
815 3400 895 3454 quem
913 3385 1003 3440 uictor
1014 3414 1044 3423 —-
1056 3384 1199 3440 intulisset
1216 3407 1228 3442 ε
1249 3386 1263 3459 11
1323 3449 1338 3487 Ι

162 3513 265 3567 dieitur
277 3513 369 3564 rddidi
389 3509 402 3581 11
421 3512 438 3565 9
453 3525 565 3581 operam
578 3512 599 3560 Α
616 3509 628 3578 11
648 3500 706 3588 Iter
719 3478 868 3575 marathius
881 3510 903 3558 Ρ
921 3503 933 3576 11
955 3508 989 3564 10
1001 3507 1204 3576 quodicbolaor
1217 3513 1265 3562 ΔΡ

161 3634 198 3671 en
211 3617 273 3670 Cat.
286 3613 388 3684 κόχλον
400 3632 469 3668 corr.
482 3632 494 3666 ε
514 3612 527 3683 11
547 3615 580 3669 11
593 3611 737 3694 notahtum
750 3618 773 3667 Ρ
785 3613 798 3684 11
816 3614 849 3669 12
863 3612 936 3682 quod
949 3616 972 3664 Ρ
984 3609 997 3682 11
1011 3612 1146 3683 tempfore
1159 3618 1183 3665 Ρ
1194 3624 1262 3670 teste

161 3724 176 3760 ε
195 3703 209 3776 11
229 3706 263 3761 13
280 3703 406 3774 pychoA
427 3701 441 3772 11
460 3702 579 3774 phicol’
596 3701 609 3774 11
630 3702 790 3774 speluncam
808 3700 835 3772 (n
847 3698 941 3770 toros.)
954 3704 977 3751 Ρ
995 3698 1008 3771 11
1030 3699 1064 3754 14
1076 3700 1262 3758 conhabuisse

161 3793 242 3865 (teste
261 3789 416 3861 Kiesrliap.)
437 3790 539 3844 dnmA
562 3790 576 3860 11
600 3790 779 3845 conhibuisse
798 3788 861 3842 dnm
880 3792 902 3840 Ρ
923 3786 937 3856 11
964 3787 1110 3841 consilium
1128 3789 1261 3846 habuisse

160 3896 225 3935 num
244 3881 389 3932 Merkeb'oa
407 3875 422 3948 11
441 3879 475 3934 15
492 3879 603 3949 possint
622 3883 669 3931 ΑΡ
687 3875 700 3949 11
720 3875 855 3947 panderet
872 3879 920 3928 ΑΡ
937 3873 951 3946 11
970 3876 1032 3930 Pan
1052 3876 1132 3931 daret
1150 3881 1261 3932 Merkel.

159 3966 175 4039 11
194 3969 228 4024 16
245 3965 411 4038 pythonisd
433 3965 446 4036 11
465 3965 589 4036 phitonis
608 3971 631 4019 Ρ
647 3965 661 4037 11
681 3965 887 4019 inmanitatisd
910 3964 924 4034 11
942 3965 1055 4036 possint
1066 3969 1113 4018 ΔΡ
1131 3965 1145 4037 11
1165 3968 1199 4022 17
1217 3968 1258 4021 in·

158 4052 377 4125 concuteret!
397 4057 428 4108 nt
440 4053 566 4108 consulte
585 4056 682 4121 scripsi
701 4051 715 4123 11
736 4054 771 4108 18
788 4052 923 4124 pecodem
943 4056 963 4104 Α
984 4051 998 4124 11
1019 4054 1053 4108 19
1072 4055 1257 4109 ostenderes

160 4141 176 4214 ΙΙ
194 4144 230 4199 20
247 4141 429 4196 inmortalium
442 4146 490 4194 ΑΡ
508 4139 521 4211 11
540 4138 732 4194 inmortalibus
746 4143 856 4194 Merkel.
878 4138 891 4210 11
911 4137 1049 4208 contigere
1063 4145 1110 4195 ΑΡ
1127 4141 1140 4213 11
1166 4144 1257 4198 consi·

159 4229 226 4284 dere
247 4230 357 4283 Merkel.
377 4227 391 4301 11
410 4230 444 4284 21
463 4228 547 4300 poeni
565 4226 713 4299 splendore
731 4232 779 4281 ΔΡ
796 4225 809 4301 11
828 4243 935 4302 poenas
953 4225 1075 4300 pendere
1096 4231 1205 4283 Merkel.
1225 4229 1238 4306 11
