2948 5010
640 404 849 470 ...73-

197 576 238 641 ob
261 594 357 657 quum
379 594 445 639 rem
466 573 563 658 longe
584 573 713 640 habitus
735 594 844 639 eorum
866 571 1012 640 diuersus
1034 579 1090 638 est.
1133 572 1299 640 idaulem

198 691 245 751 est
273 683 483 767 Cassiepia
510 684 543 748 in
573 679 655 750 sessa
683 683 822 750 anaolilo
846 683 972 750 sedens.
1017 681 1114 750 habet
1134 683 1168 748 in
1190 686 1298 771 eapite

198 796 322 866 stellam
351 794 469 858 claram
499 818 524 873 1,
558 795 591 859 in
625 794 760 879 singulis
787 794 906 860 umeris
934 793 1079 879 singulas
1110 795 1230 880 olaras,
1264 796 1299 862 in

197 907 311 971 dextra
332 904 478 969 mamilla
500 904 620 970 olaram
642 930 662 982 1,
687 906 737 970 iin
752 905 864 971 dextro
887 924 997 971 umero
1021 904 1064 970 ad
1086 925 1216 970 manum
1231 905 1299 971 ola·

171 1036 265 1080 eram
287 1039 298 1078 1
319 1034 471 1098 magnam
492 1019 525 1080 et
546 1015 654 1082 olarae
675 1018 709 1081 in
731 1015 859 1080 sinistro
881 1015 1002 1081 femore
1025 1039 1048 1078 11
1071 1016 1103 1080 in
1124 1033 1210 1099 genu
1234 1015 1300 1081 ola-

197 1145 267 1191 ram
288 1117 305 1188 1¹
325 1127 359 1190 in
385 1126 497 1192 basem
520 1126 636 1205 sellae,
666 1128 699 1191 in
722 1148 786 1210 qua
805 1122 913 1211 sedet,
943 1127 975 1191 in
1003 1126 1144 1208 utrisque
1170 1125 1300 1211 angulis

198 1236 303 1301 claras
324 1236 478 1321 singulas.
512 1256 636 1302 summa
657 1260 737 1301 mm.
803 1296 805 1301 .
1332 1228 1337 1245 ’

281 1348 348 1413 Neo
370 1347 482 1430 prooul
502 1344 739 1435 Andromedae]
979 1332 980 1337 ἵ
1266 1405 1270 1410 .

283 1458 373 1523 Haeo
396 1477 523 1538 quoque
544 1457 578 1521 in
600 1457 758 1523 sideribus
781 1463 910 1540 recepta
931 1456 1047 1522 dieitur
1067 1452 1224 1521 beneficio
1239 1454 1299 1519 Mi-

160 1587 327 1646 noneruae,
350 1572 385 1631 11
406 1569 499 1633 labor
512 1567 623 1634 Persei
645 1574 793 1634 aeternus
815 1573 951 1652 pareret,
974 1566 1123 1631 manibus
1139 1565 1208 1630 eius
1223 1585 1298 1649 pas-

198 1677 243 1742 sis
264 1697 359 1760 quem
382 1677 568 1743 admodum
584 1684 653 1745 aeto
670 1678 729 1744 fuit
744 1679 918 1761 proposita.
953 1695 1036 1758 quae
1059 1696 1129 1743 oum
1144 1695 1165 1739 a
1179 1677 1298 1742 Perseo

197 1793 282 1854 esset
303 1789 440 1854 liberata
461 1808 566 1870 neque
580 1789 665 1873 patri
682 1809 785 1870 neque
801 1788 896 1853 matri
910 1787 1012 1852 uoluit
1027 1786 1225 1866 oommorari,
1241 1787 1299 1852 sed

197 1899 344 1965 continuo
368 1918 439 1963 cum
460 1896 578 1964 Perseo
600 1897 697 1982 Argis
720 1904 769 1964 esl
789 1899 942 1982 profecta.
975 1898 1022 1962 ita
1044 1894 1151 1962 autem
1172 1897 1299 1982 Euripi-

198 2008 257 2074 des
284 2008 411 2092 profert.
454 2009 552 2074 habet
580 2009 691 2075 stellas
717 2009 879 2092 incapite
905 2008 1063 2096 [stellam]
1092 2006 1299 2093 splendidam

161 2137 309 2197 nonam,
337 2117 371 2182 iu
398 2120 516 2185 umoris
543 2120 676 2204 singulis
697 2122 855 2207 eloquius,
882 2120 916 2185 in
943 2119 1054 2185 dextro
1084 2110 1300 2198 1111111111

198 2248 295 2293 manu
318 2230 438 2294 olaram
461 2254 482 2315 1,
504 2231 538 2294 in
560 2231 688 2295 sinistro
712 2231 816 2296 oubito
839 2251 937 2295 uuam
957 2230 1089 2306 alaram,
1111 2231 1146 2295 in
1167 2229 1299 2296 braohio

199 2340 326 2418 lunam,
341 2338 387 2405 ¹in
415 2340 519 2404 oinotu
545 2345 625 2419 tres,
653 2360 750 2422 supra
779 2348 894 2405 zonam
917 2345 1079 2422 quattuor,
1107 2338 1141 2403 in
1161 2340 1299 2424 genibus

199 2447 333 2530 singulis
360 2447 466 2528 alares
496 2448 655 2532 singulas,
684 2448 716 2512 in
744 2449 854 2516 dextro
882 2451 964 2534 pede
986 2451 1083 2528 duas,
1110 2449 1143 2513 in
1170 2449 1299 2515 sinistro

200 2577 306 2622 unam.
351 2578 475 2623 summa
496 2582 549 2622 xx.

162 2699 188 2738 oo
284 2667 509 2734 Andromedae
531 2667 649 2755 radiat]

284 2780 345 2845 Hio
368 2779 519 2844 dimidius
542 2780 645 2844 estin
667 2778 772 2862 priore
794 2785 885 2863 parte
906 2800 1024 2863 parens
1046 2797 1147 2862 usque
1169 2778 1214 2843 ad
1235 2798 1300 2843 um

199 2891 338 2957 bilicum.
361 2892 479 2955 Aratus
495 2888 572 2955 dioil
594 2908 666 2954 eum
688 2908 785 2973 super
799 2890 1069 2971 †genioulatorem
1085 2889 1189 2955 situm.
1216 2889 1300 2953 huno

200 3100 215 3152 1
235 3098 369 3151 deuersus
389 3101 409 3148 Α
434 3097 448 3168 Η
473 3097 503 3150 id
521 3101 567 3151 est
584 3100 676 3150 autem
693 3101 716 3148 P
735 3095 748 3167 Η
773 3098 790 3151 2
809 3074 916 3168 oasifnia
934 3102 957 3149 P
974 3095 987 3166 Η
1009 3096 1122 3151 anodito
1141 3099 1164 3148 P
1182 3095 1195 3166 Η
1214 3096 1236 3151 3
1250 3094 1299 3150 hu-

203 3185 286 3240 meris
300 3190 322 3237 P
340 3183 354 3257 Η
374 3184 403 3238 in
420 3184 518 3240 dextro
531 3215 565 3224 -
577 3184 674 3238 basem
692 3188 732 3236 ito
747 3203 782 3237 ea
794 3188 941 3238 Strozzino
959 3187 1085 3238 Palinure
1100 3186 1303 3250 [1191111111-

201 3276 324 3326 111πά11
344 3289 449 3325 coisses:
468 3273 497 3325 in
516 3271 614 3326 dextro
628 3271 722 3325 cubito
736 3290 756 3337 1,
775 3273 803 3326 in
817 3273 915 3327 dextra
926 3287 1007 3325 manu
1020 3270 1121 3324 claram
1134 3273 1164 3323 et
1175 3284 1303 3338 maguum

201 3380 221 3426 1,
234 3362 262 3414 in
275 3359 387 3414 sinistra
399 3377 479 3413 manu
492 3359 594 3412 alaram
607 3377 627 3424 1,
640 3359 669 3411 in
680 3360 811 3415 umbilico
825 3379 843 3427 1,
857 3362 884 3415 in
898 3360 1013 3414 sinistro
1026 3359 1129 3413 femore
1142 3376 1175 3423 11,
1188 3358 1217 3410 in
1230 3372 1302 3426 genu

201 3446 302 3504 'claram
320 3467 340 3514 1,
360 3448 388 3501 in
406 3447 479 3519 pede
500 3447 597 3500 dextro
616 3463 631 3498 l
650 3447 679 3500 in
696 3446 759 3501 basi
779 3446 792 3518 Η
813 3450 829 3503 6
848 3448 947 3502 stellae
966 3451 1013 3500 ΑΡ
1032 3447 1045 3518 Η
1065 3446 1151 3501 sellae
1175 3445 1268 3498 Priola.
1287 3442 1301 3515 Η

200 3537 316 3607 utriusq.
329 3541 351 3588 P
369 3535 383 3606 Η
402 3539 419 3592 8
431 3541 593 3603 praecedunt
610 3539 697 3588 Germ.
711 3541 884 3589 1201-100
895 3540 942 3588 ΑΡ
961 3535 973 3607 Η
993 3537 1009 3591 9
1025 3538 1084 3592 Cat.
1095 3538 1121 3586 X
1125 3538 1178 3586 Vll
1189 3535 1259 3600 llyy.
1272 3534 1301 3583 P.

200 3626 231 3677 A.
244 3629 272 3676 11
285 3632 314 3675 11
327 3627 373 3675 111
383 3632 417 3676 10
430 3622 443 3694 Η
457 3624 537 3677 Haec
550 3626 567 3674 i.
581 3641 603 3676 e.
617 3626 787 3675 Andromeda
807 3621 821 3694 Η
840 3622 1021 3692 syderibus?
1038 3622 1051 3695 Η
1069 3623 1102 3676 11
1114 3621 1203 3676 ruiti
1220 3616 1302 3692 1111ιὶ1

202 3711 226 3778 (f
235 3728 270 3763 ea
282 3727 295 3764 r
306 3711 386 3777 corr)
399 3715 422 3762 Ρ
440 3710 453 3779 Η
474 3712 507 3766 13
526 3711 641 3764 11111111
660 3713 681 3759 Α
704 3711 716 3778 Η
736 3711 781 3763 111
799 3715 830 3764 11
847 3716 870 3763 Ρ
888 3708 901 3782 Η
921 3712 956 3764 14
973 3709 1097 3780 proferet
1114 3713 1135 3760 Α
1156 3707 1169 3780 Η
1190 3705 1301 3762 stellam

202 3802 287 3851 deleat·
307 3795 321 3869 Η
341 3798 375 3853 15
388 3797 512 3867 singulos
526 3800 630 3850 addidit
643 3815 655 3850 ε
671 3793 684 3868 Η
699 3815 707 3850 1
721 3818 769 3850 om.
783 3804 805 3851 Ρ
818 3797 831 3871 Η
846 3800 972 3854 ll-unsm
986 3801 1032 3851 ΑΡ
1050 3794 1063 3868 Η
1083 3797 1112 3850 in
1124 3795 1223 3850 eodem
1236 3794 1265 3863 (i.
1279 3810 1302 3851 e.

202 3888 309 3953 dextro)
322 3884 437 3939 brachio
457 3886 546 3940 olaras
566 3904 590 3938 11
603 3888 714 3937 sirozz.
729 3896 754 3937 et
773 3888 862 3939 Vrbis.
882 3884 895 3956 Η
917 3888 1175 3955 supra-quattuor
1188 3903 1238 3936 om.
1251 3886 1275 3934 P
1285 3880 1301 3952 Η

201 3976 236 4031 20
252 3976 415 4042 praecedunt
437 3977 790 4028 011111108111-123
808 3978 855 4026 ΑΡ
873 3972 886 4045 Η
906 3974 939 4027 al
961 3973 1021 4025 Cot.
1037 3972 1301 4038 1111111111.

200 4064 373 4114 111811117
392 4058 405 4131 Η
426 4062 460 4116 22
473 4060 573 4115 dieitur
585 4063 631 4112 ΑΡ
649 4057 663 4131 Η
683 4059 753 4114 dicit
765 4076 826 4114 eum
838 4064 934 4126 scripsi
955 4057 968 4130 Η
988 4059 1205 4128 genioulatorem
1218 4061 1265 4110 ΑΡ
1283 4055 1297 4127 Η

202 4164 286 4220 super
296 4147 435 4203 Helieone
447 4148 550 4202 fontem
568 4152 737 4215 suspiceres
752 4150 811 4204 Cat.
827 4152 923 4201 xxm
931 4155 948 4199 0
960 4139 1073 4216 Ἄρατος
1089 4147 1143 4217 μὲν
1162 4139 1214 4200 οὖν
1232 4160 1301 4216 φησι

201 4237 249 4292 τὸν
267 4237 314 4290 ἐπὶ
330 4235 379 4288 τοῦ
389 4232 534 4294 Ἑλικῶνος
551 4234 620 4289 εἶναι
639 4246 664 4289 et
679 4237 1186 4302 111110100111111311111111111
1205 4234 1301 4287 araus
