2948 5010
635 429 870 496 -172-

161 602 187 669 S
285 598 363 663 Post
391 600 479 664 oanis
506 599 602 683 igitur
627 598 735 682 magni
763 599 900 663 caudam
933 598 1106 664 secundum
1141 600 1311 665 stellarum

200 708 342 772 ordinem
366 708 459 773 nauis
480 708 651 771 constituta
674 712 731 783 cst,
756 729 851 790 quam
876 708 1008 790 quidam
1029 704 1178 774 benificio
1194 709 1310 772 Miner-

198 837 261 880 uae
284 817 367 881 inter
390 823 477 882 astra
501 818 690 883 collocatam
713 816 830 894 dicunt,
854 837 1000 899 quaeque
1023 817 1127 899 prima
1150 817 1247 882 nauis
1269 818 1310 882 ab

199 945 240 990 ea
261 926 420 990 fabricata
443 926 557 991 dicitur
580 932 731 1003 otmaro,
756 926 842 1008 quod
862 933 957 992 antea
971 926 1093 991 inuium
1116 927 1234 1010 fuerat,
1257 926 1310 990 ho-

169 1051 181 1087 ⁵
200 1035 338 1099 minibus
362 1036 507 1119 peruium
528 1036 636 1100 uocali
656 1036 785 1119 ingenio
807 1035 933 1100 fecisse.
956 1056 1053 1118 quam
1075 1057 1140 1100 non
1154 1040 1256 1102 totam
1279 1037 1311 1100 in

164 1177 166 1183 ·
198 1145 290 1209 caelo
314 1144 476 1229 figuranti,
507 1145 565 1210 sed
588 1165 608 1208 a
629 1145 855 1229 gubernaculis
878 1164 980 1226 usque
1004 1145 1047 1209 ad
1070 1145 1200 1209 malum.
1234 1165 1310 1210 non-

197 1253 277 1317 nulli
300 1254 418 1330 dicunt,
443 1254 529 1337 quod
545 1256 678 1318 Danaus
692 1253 764 1317 Beli
786 1253 871 1318 filius
895 1274 934 1318 ex
958 1254 1102 1337 pluribus
1118 1253 1310 1336 coniugibus

200 1363 438 1445 quinquaginta
462 1363 546 1428 filias
569 1363 690 1440 habuit,
713 1362 814 1427 frater
836 1369 942 1428 autem
966 1365 1033 1428 cius
1049 1363 1218 1446 Aegyptus
1241 1363 1310 1425 toti·

201 1471 274 1536 dem
301 1472 394 1537 filios.
439 1474 590 1536 Danaum
617 1479 724 1537 autem
746 1478 778 1535 et
799 1470 883 1536 filias
907 1472 974 1536 eius
996 1472 1174 1537 interficere
1197 1471 1309 1555 uoluit,

162 1597 187 1636 10
199 1587 234 1645 ut
261 1601 395 1664 regnum
418 1587 584 1665 paternum
614 1583 701 1647 solus
724 1581 890 1646 obtineret.
926 1581 1077 1644 castillis
1101 1579 1169 1646 suis
1191 1601 1309 1647 uxores

199 1711 219 1754 a
240 1688 338 1755 fratre
361 1693 515 1776 poposcit.
560 1692 696 1755 Danaus
722 1711 799 1755 uero
828 1691 956 1774 cognita
984 1690 1108 1754 malitia
1129 1691 1311 1757 Mineruam

198 1801 344 1883 poposcit
376 1801 575 1865 adiutricem.
609 1807 684 1864 tuno
712 1800 848 1883 primum
875 1799 990 1863 dicitur
1020 1799 1167 1864 Minerua
1201 1801 1310 1864 nauim

197 1909 325 1987 fecisse,
350 1930 432 1992 quae
448 1912 551 1994 Argos
567 1910 734 1995 appellata
750 1909 800 1987 sit,
824 1929 894 1972 oum
918 1929 982 1990 qua
996 1909 1131 1973 Danaus
1147 1929 1188 1973 ex
1203 1909 1311 1974 Africa

198 2020 302 2102 Argos
323 2018 475 2103 profugit,
508 2021 674 2103 Aegyptus
696 2019 779 2084 filios
802 2039 877 2084 suos
900 2017 944 2083 ad
965 2018 1228 2101 persequendum
1250 2019 1311 2084 fra-

163 2148 185 2184 15
198 2132 279 2191 trem
302 2127 401 2205 misit,
429 2128 498 2210 qui,
526 2134 695 2212 postquam
718 2131 822 2212 Argos
845 2133 1015 2210 uenerunt,
1046 2128 1230 2211 inpugnare
1257 2149 1309 2211 pa-

198 2240 302 2299 truum
332 2242 514 2320 coeperunt.
558 2240 706 2322 Danaus,
734 2241 768 2301 ut
796 2234 878 2299 uidit
906 2256 941 2301 se
977 2237 1022 2302 eis
1056 2236 1215 2302 obsistere
1248 2258 1310 2302 non

161 2417 190 2480 θ
284 2406 362 2470 Post
384 2408 473 2472 canis
507 2408 602 2490 igitur
633 2409 741 2491 magni
774 2407 909 2471 caudam
938 2409 1113 2473 secundum
1146 2408 1310 2474 stellarum

199 2515 345 2579 ordinem
367 2518 461 2581 nauis
484 2517 655 2582 constituta
679 2521 740 2594 est,
764 2535 860 2598 quam
884 2516 1013 2582 fabulae
1034 2524 1205 2602 poetarum
1227 2519 1308 2584 inter

198 2628 285 2688 astra
308 2626 506 2690 conlocatam
523 2626 632 2691 dieunt
646 2632 776 2709 proptor
792 2626 978 2705 Mineruam,
1003 2646 1087 2710 quae
1109 2627 1217 2710 prima
1239 2648 1309 2693 eam

160 2762 186 2800 ρο
198 2734 399 2816 excogitasse
427 2735 543 2800 dieitur
564 2743 595 2801 et
617 2757 720 2814 mare,
752 2734 839 2818 quod
866 2744 961 2800 antea
986 2736 1109 2799 inuium
1131 2737 1237 2801 fuerat
1258 2737 1309 2802 ho·

197 2843 345 2920 minibus,
369 2846 515 2928 peruium
539 2847 643 2912 uocali
665 2846 794 2930 ingenio
818 2843 942 2910 fecisse.
966 2845 1063 2910 habet
1077 2851 1183 2910 autem
1200 2848 1309 2912 stellas

198 2954 231 3017 in
255 2973 363 3037 puppe
387 2960 534 3035 quatuor.

161 3160 181 3207 s
235 3147 443 3201 2benefitioS
469 3151 482 3218 Η
507 3144 707 3221 3ᾷιρτὶωαδ
728 3151 741 3222 Η
763 3168 849 3222 queq;
874 3149 927 3221 Vll
948 3151 1028 3204 nanis
1047 3171 1096 3205 om.
1115 3157 1137 3204 V
1156 3149 1169 3222 Η
1190 3151 1309 3206 trobri-

200 3238 265 3288 cata
285 3238 329 3288 ost
352 3241 374 3287 V
393 3233 405 3304 Η
426 3236 442 3289 5
461 3236 553 3289 nauali
574 3242 622 3289 SV
641 3235 655 3306 Η
675 3238 767 3291 uocali
785 3244 884 3306 scripsi
904 3258 939 3291 ea
960 3242 1019 3291 Cot.
1036 3243 1143 3291 XXXV
1160 3237 1309 3309 φωνήεσσα

199 3322 229 3373 δὲ
249 3325 385 3391 γενομένη
406 3319 499 3391 πρώτη
517 3322 547 3376 τὸ
568 3328 690 3394 πέλαγος
708 3326 808 3380 διεῖλεν
828 3321 930 3394 ἄβατον
949 3319 982 3379 ὅν
1008 3323 1021 3395 Η
1047 3325 1116 3379 fecit
1140 3331 1161 3379 V
1181 3325 1195 3397 Η
1216 3335 1252 3382 no
1270 3332 1310 3382 ta·

198 3412 254 3463 tam
272 3414 293 3462 S
314 3407 327 3480 Η
349 3410 473 3462 notatam
497 3410 549 3481 Vll
577 3427 632 3464 non
650 3415 739 3465 totam
759 3415 957 3466 Sctuectoctios
977 3412 990 3484 Η
1017 3416 1112 3481 lpost
1133 3413 1232 3468 dicunt
1248 3422 1311 3482 sop-

198 3501 322 3563 pleoaelum
342 3515 436 3550 oerrseo
456 3514 555 3550 nauem
573 3500 647 3552 inter
665 3504 742 3554 astra
760 3501 925 3555 collocatam
945 3505 980 3567 cs.
994 3522 1018 3568 p.
1032 3509 1115 3567 naa
1137 3500 1150 3569 Η
1172 3500 1249 3570 quod
1262 3520 1310 3554 om.

203 3580 253 3653 Vll
274 3583 391 3638 danaum
410 3590 431 3636 V
450 3582 464 3653 Η
485 3583 570 3637 filium
590 3591 610 3637 V
630 3587 644 3656 Η
664 3588 827 3642 8habuisse
847 3594 868 3640 V
886 3586 900 3657 Η
922 3589 1067 3658 egiptuss
1088 3587 1102 3658 Η
1124 3589 1245 3659 cgippus
1263 3587 1309 3659 Vll

199 3673 215 3726 9
235 3672 344 3734 uanus
362 3676 383 3723 S
404 3670 417 3741 Η
438 3673 473 3727 10
492 3688 568 3742 eosq.
588 3678 609 3725 V
628 3672 641 3743 Η
664 3675 695 3726 11
714 3675 827 3728 Danaus
846 3674 920 3762 re:co
939 3680 960 3727 S
981 3676 994 3744 Η
1015 3677 1129 3728 Danaus
1149 3680 1244 3730 autem
1262 3675 1308 3745 Vll

198 3757 353 3809 Mineruam
373 3758 518 3811 inuocauit
540 3758 564 3807 V
595 3759 607 3830 Η
637 3761 671 3814 12
690 3760 882 3815 MineruamS
911 3760 925 3832 Η
956 3764 989 3817 13
1009 3779 1062 3833 que
1083 3779 1119 3816 ex
1138 3778 1224 3830 argos
1249 3771 1310 3814 aule

200 3863 269 3895 corr.
289 3847 309 3894 s
331 3841 343 3912 Η
357 3847 410 4000 uest
428 3850 448 3897 V
468 3844 481 3914 Η
503 3846 537 3900 14
554 3846 660 3917 proluit
678 3851 698 3898 S
720 3845 732 3916 Η
754 3850 787 3903 15
806 3852 933 3919 patruum
952 3849 1113 3920 impugnare
1134 3856 1156 3903 V
1176 3848 1189 3920 Η
1211 3852 1246 3907 16
1264 3865 1308 3904 ce·

198 3934 298 4001 parunt
317 3934 337 3981 S

162 4057 184 4103 G
234 4054 267 4107 18
286 4052 414 4105 fabulose
437 4057 475 4105 (la
496 4066 559 4108 ttrite
579 4075 647 4110 corr.
665 4056 700 4108 Gt
721 4056 733 4125 Η
755 4060 788 4112 19
808 4060 983 4115 conlocatum
1002 4059 1079 4113 G0G⁶
1100 4060 1113 4130 Η
1136 4062 1228 4130 primu
1248 4062 1310 4113 (ἔθ’

198 4149 328 4191 metretum
348 4157 383 4191 ea
400 4140 489 4209 prima
510 4141 546 4194 Ol
579 4140 593 4211 Η
625 4143 659 4197 21
679 4144 772 4197 nauali
793 4146 897 4199 ggago
930 4147 943 4218 Η
976 4150 1011 4203 22
1030 4151 1163 4217 quattuor
1185 4147 1264 4202 (3⁰6⁶
1296 4145 1308 4218 Η

198 4224 321 4281 NAVIS
342 4245 398 4279 cunr
417 4228 505 4297 figora
526 4229 632 4282 gasat
652 4229 666 4300 Η
