2948 5010
506 345 757 444 '-·3u-

91 549 188 615 orista
210 569 308 635 super
331 550 421 617 eaelo
443 550 552 632 fulget.
587 557 683 635 eaput
706 551 833 618 abditur
854 552 924 635 ipse

90 659 210 740 regalis
234 659 381 744 Cepheus
404 660 486 725 alias
506 659 643 724 intactus
665 661 706 725 ab
729 660 832 727 undis.

177 770 357 853 Soorpios
379 769 534 854 exoriens,
558 789 629 834 eum
654 771 759 836 olarus
782 769 901 852 fugerit
923 772 1037 859 amnis,

90 878 234 964 scorpios
258 878 379 945 Oriona
401 875 500 961 fugat,
523 885 619 961 pauet
640 862 696 946 ille
720 887 914 962 sequentem.

90 989 135 1055 sis
158 988 224 1053 uati
247 988 383 1071 placata,
407 1005 528 1072 precor,
552 988 687 1053 Latonia
710 990 816 1071 uirgo;

88 1118 154 1162 non
177 1117 248 1182 ego,
272 1117 336 1177 non
357 1097 488 1181 primus,
511 1102 636 1163 ueteres
658 1100 801 1164 oeoinere
824 1104 948 1182 poetae,

88 1208 222 1293 uirginis
242 1207 379 1272 intactas
402 1204 563 1287 quondam
586 1207 770 1289 contingere
793 1213 899 1274 uestes

87 1338 201 1383 ausum
223 1316 381 1380 hominem
404 1315 499 1380 diuae
521 1295 648 1382 suorum
669 1323 841 1383 temerasse
863 1319 1029 1403 pudorem.

87 1427 224 1492 deuotus
246 1443 368 1508 poenae
390 1429 464 1489 tune
485 1424 601 1506 impius
623 1424 677 1490 ille
699 1425 826 1492 futurae
891 1422 894 1428 ’
930 1424 934 1432 ’

50 1570 52 1573 ·
86 1535 292 1618 nudabatque
315 1532 391 1599 feris
414 1538 550 1615 angusto
574 1534 679 1618 stipite
703 1535 801 1601 siluas
927 1529 931 1536 ’

86 1650 296 1729 pacatamque
320 1642 422 1707 Chion
445 1641 529 1707 dono
554 1642 651 1708 dabat
672 1644 860 1728 Oenopioni.

86 1754 173 1820 haud
195 1754 319 1838 patiens
342 1751 399 1817 sed
423 1752 506 1817 enim
528 1753 650 1836 Phoebi
673 1773 827 1835 germana
848 1762 980 1839 repente
1021 1832 1026 1842 ,

82 1863 223 1928 numinis
245 1864 381 1927 ultorem
403 1861 514 1930 media,
529 1862 642 1928 tellure
664 1863 793 1928 reuulsa

86 1974 234 2057 scorpion
255 1971 377 2053 ingenti
399 1971 551 2035 maiorem
574 1973 705 2039 eontulit
727 1973 859 2040 hostem.

83 2083 214 2168 paroite,
237 2079 395 2163 mortales,
418 2099 589 2162 numquam
612 2082 694 2147 leuis
716 2082 764 2146 ira
786 2081 927 2147 deorum.

84 2193 192 2258 horret
213 2191 329 2254 uulnus
352 2187 457 2254 adhuc
481 2194 511 2253 et
533 2190 656 2273 spioula
678 2190 777 2256 tinota
799 2211 925 2258 ueneno

84 2301 199 2368 flebilis
222 2299 320 2366 Orion
344 2303 376 2363 et
398 2319 590 2380 quamquam
613 2304 702 2382 parte
724 2301 835 2365 relicta

85 2412 167 2478 caeli
190 2412 310 2495 'spaeue
332 2405 422 2490 fugit,
444 2412 551 2472 tamen
574 2407 648 2493 aitis
671 2409 824 2491 mergitur
845 2411 949 2490 undis,

83 2521 227 2606 scorpios
249 2517 372 2610 ardenti
396 2537 467 2582 eum
490 2522 620 2600 peetore
642 2517 774 2600 contigit
797 2512 893 2586 ortus.

82 2631 127 2696 nil
150 2650 245 2714 super
266 2624 503 2703 Andromedae,
529 2618 577 2689 nil¹
595 2627 701 2710 pristis
724 2630 794 2694 iuee
817 2630 945 2695 timetur.

82 2741 114 2804 in
139 2743 235 2821 eaput
257 2742 352 2818 atque
373 2754 499 2799 umeros
522 2736 605 2818 rapit
626 2737 712 2803 orbis
736 2739 943 2822 Cassiepiam,

81 2847 303 2928 deoliuemque
325 2848 454 2909 trahunt
475 2845 596 2909 aeterni
618 2846 762 2928 pondera
785 2846 893 2911 mundi

81 2962 295 3042 corruptaque
317 2953 403 3020 eadit
423 2952 537 3036 forma,
561 2961 740 3022 oemauerat
762 2957 836 3021 olim

80 3232 135 3290 642
151 3228 209 3302 ipsi
226 3231 251 3282 Β
286 3227 299 3300 Η
332 3227 384 3283 643
403 3225 543 3296 eephoens
562 3232 587 3279 Β
618 3224 632 3296 Η
668 3229 733 3283 altis
752 3235 776 3283 Β
809 3223 826 3303 Η
858 3230 920 3301 ipse
939 3228 1041 3299 regalis
1062 3224 1204 3303 Cepheus

16 3312 18 3316 Α
81 3319 153 3374 alias
176 3317 299 3371 intactus
323 3313 358 3367 ab
380 3312 462 3377 undis
491 3319 564 3367 Voss.
585 3318 620 3366 ad
638 3319 714 3368 Aret.
734 3336 760 3383 p.
776 3319 826 3373 111
853 3321 887 3386 cf.
907 3321 978 3383 Frey
996 3335 1086 3385 propr.
1108 3320 1191 3373 Crrlm.

81 3425 108 3474 p.
120 3419 213 3460 xxm
239 3401 252 3472 Η
277 3401 330 3457 644
348 3400 482 3471 Scorpius
501 3405 525 3452 Β
553 3399 565 3470 Η
593 3417 673 3471 quam
693 3401 783 3458 clarus
803 3403 912 3459 fulserit
931 3407 954 3453 Β
979 3400 993 3473 Η
1019 3418 1080 3458 eum
1099 3403 1190 3458 elarus

81 3491 185 3562 fugerit
205 3492 315 3542 Grotius
334 3486 348 3559 Η
368 3487 420 3544 646
439 3488 464 3541 si
482 3492 507 3539 Β
529 3484 542 3557 Η
563 3487 604 3542 sis
625 3492 736 3543 Grotius
760 3489 774 3561 Η
799 3493 852 3549 650
870 3505 960 3562 poene
982 3493 1004 3540 Β
1024 3486 1037 3559 Η
1063 3490 1113 3545 651
1133 3507 1190 3544 am·

80 3581 166 3636 busto
185 3580 338 3645 suspicatur
358 3577 475 3628 duellios
493 3580 560 3630 soal.
585 3581 683 3646 Vespil.
702 3568 768 3630 dea.¹
784 3579 900 3633 711524
920 3575 932 3647 Η
953 3577 1004 3632 652
1023 3576 1112 3645 chyou
1130 3582 1155 3629 Β
1177 3575 1191 3648 Η

80 3668 134 3724 653
150 3663 200 3720 Ad
220 3663 266 3731 (st
283 3663 322 3728 Β)
342 3661 454 3733 potiens
475 3663 577 3717 etenim
597 3669 664 3732 Blep
693 3663 706 3734 Η
736 3663 810 3718 haud
828 3665 939 3735 patiens
958 3663 1010 3717 sed
1028 3663 1101 3717 enim
1123 3668 1193 3718 Gro-

82 3758 136 3808 tius
156 3750 171 3824 Η
191 3752 244 3808 658
262 3752 455 3820 quanquamB
476 3746 488 3819 Η
509 3753 618 3804 retecta
633 3754 743 3804 Grotius
763 3749 777 3822 Η
797 3751 847 3808 659
867 3751 946 3806 Coeli
959 3766 1049 3822 poene
1062 3753 1087 3803 Β
1109 3748 1122 3821 Η
1142 3751 1192 3804 teli

81 3854 172 3912 paene
192 3839 303 3890 erastus
322 3833 336 3906 Η
357 3851 429 3907 pono
448 3841 601 3904 suspicatur
620 3841 736 3892 duellios
757 3834 771 3907 Η
791 3839 842 3894 660
861 3837 999 3909 Scorpion
1018 3842 1041 3888 Β
1069 3835 1082 3911 Η
1109 3836 1191 3892 Scor-

81 3927 145 3998 pios
164 3943 181 3995 ρ
203 3921 215 3995 Η
236 3924 289 3980 662
306 3922 425 3993 Insuper
444 3927 528 3994 atque
548 3927 571 3975 Β
592 3922 605 3994 Η
631 3923 659 3976 in
678 3927 763 3995 eaput
781 3927 821 3991 Ep
842 3921 855 3992 Η
876 3923 1026 3994 Cassiepia
1043 3914 1075 3974 Β
1088 3920 1101 3995 Η
1123 3922 1190 3978 Gas-

66 4012 199 4091 ¹sispiam
220 4013 332 4066 Grotius
357 4006 370 4080 Η
396 4010 447 4064 663
467 4009 658 4080 declinemque
678 4009 740 4081 Β·Η
767 4010 958 4081 decliuemque
979 4015 1090 4063 Grotius
1111 4008 1124 4080 Η
1144 4024 1190 4062 ae-

81 4103 163 4152 torno
181 4095 306 4168 pondere
325 4100 349 4148 Β
370 4093 384 4166 Η
405 4095 511 4149 aeterni
529 4095 655 4166 pondera
676 4101 788 4152 Grotius
808 4094 821 4168 Η
842 4097 895 4154 664
913 4096 1016 4152 eadunt
1034 4101 1059 4149 Β
1081 4095 1094 4170 Η
1115 4093 1192 4151 cadit

83 4189 196 4240 urorum
214 4180 229 4257 Η
250 4183 399 4240 consuerit
418 4188 442 4236 Β
464 4180 477 4254 Η
497 4185 654 4240 censuerat
675 4188 787 4240 Grotius
806 4183 819 4258 Η
