2948 5010
579 416 815 483 -107-

141 585 410 670 aequinoctialem
433 587 477 653 ad
498 606 655 653 summurn
675 583 874 652 solstitialem
898 583 1099 666 eundemque
1114 583 1251 650 aestiua·

140 695 204 761 lem
234 714 292 779 per
321 695 463 761 medium
489 695 699 778 longitudinis
721 694 960 777 latitudinisque
983 697 1147 777 porrectus
1170 692 1251 758 obli-

142 823 232 886 quus.
265 804 376 870 circuli
399 805 544 890 signiferi
566 811 676 890 partes
699 827 809 884 cccix,
833 804 926 888 signa
947 825 1003 881 xn,
1026 802 1164 887 partium
1187 801 1251 866 sin·

140 912 219 996 gula
234 913 435 999 tricenarum,
453 935 587 997 quorum
603 913 763 996 quaedam
778 914 903 978 minora
919 912 1077 994 quaedam
1092 910 1251 995 ampliora

140 1027 173 1088 et
191 1023 499 1107 'tpoplccanaphora
521 1024 643 1102 dicunt,
667 1022 725 1088 sed
747 1023 954 1106 conpensatio
978 1021 1120 1104 quinque
1143 1026 1251 1104 partes
1275 1039 1287 1078 ⁵

139 1130 279 1196 creditur
305 1131 486 1215 auplicem,
514 1138 550 1196 ut
580 1132 644 1197 sint
670 1150 782 1197 omnes
809 1130 955 1214 signiferi
982 1136 1090 1214 partes
1119 1151 1250 1193 ccccxv.

142 1241 254 1306 horum
276 1240 463 1325 incipientia
484 1243 525 1306 ab
547 1241 646 1306 ariete
669 1241 792 1306 alterna
814 1246 888 1305 sunt
910 1239 1124 1305 masculorum
1137 1239 1253 1305 natali-

141 1349 212 1428 bus,
233 1348 359 1415 alterna
381 1348 571 1417 feminarum
593 1353 818 1417 conuenientia.
839 1349 915 1415 item
931 1354 1079 1434 quartum
1103 1348 1253 1431 quodque

142 1476 254 1523 eorum
275 1464 330 1522 aut
352 1459 509 1544 tropicum
525 1466 581 1526 aut
601 1457 739 1525 solidum
762 1465 819 1524 aut
838 1459 981 1525 biforme.
1004 1457 1137 1542 incipiet
1160 1457 1252 1522 dinu-

142 1566 275 1632 meratio
304 1568 345 1633 ab
373 1569 485 1648 ariete,
514 1570 599 1651 quod
629 1569 755 1650 signum
782 1571 936 1654 tropicam
962 1573 1020 1632 est.
1060 1566 1251 1651 tropioorum
1267 1589 1290 1628 ιο

143 1676 207 1742 duo
229 1683 304 1744 sunt
327 1677 575 1761 aequinoctialia
597 1678 680 1743 aries
704 1683 735 1742 et
755 1677 845 1760 libra,
870 1677 934 1740 duo
950 1675 1129 1742 solstitialia
1152 1676 1253 1759 capri-

144 1806 260 1852 cornus
288 1793 321 1853 et
346 1806 475 1873 cancer,
509 1788 640 1872 tropicis
667 1786 813 1871 proxima
842 1786 961 1865 solida,
994 1784 1175 1867 anteposita
1201 1782 1252 1850 his

139 1893 298 1960 biformia

223 2004 285 2070 Hic
308 2010 358 2071 est
379 2007 546 2073 stellarum
570 2005 649 2072 ordo
671 2010 876 2088 utrorumque
900 2004 1100 2069 cuculorum.
1127 2008 1251 2085 septon-

140 2113 259 2179 triones
288 2113 433 2199 dupliccs
465 2114 509 2181 ad
536 2121 678 2181 austrum
707 2120 881 2180 uertumtur.
922 2113 1096 2194 figurantur
1127 2111 1250 2176 auersis
1266 2138 1289 2175 rs

142 2223 255 2291 modis
277 2223 415 2290 inuicem
438 2225 498 2290 sibi
521 2223 740 2301 aduersantes‚
764 2223 847 2288 inter
870 2241 951 2304 quos
975 2220 1122 2304 obliquus
1138 2218 1251 2285 dilabi·

138 2337 191 2398 tur
211 2332 320 2400 draco.
342 2332 401 2398 sub
419 2333 513 2398 unius
531 2351 672 2415 namque
694 2332 830 2417 pedibus
853 2337 903 2399 est
917 2329 1144 2415 serpentarius,
1161 2329 1251 2395 cuius

139 2505 155 2560 1
174 2503 357 2559 solstitialem
378 2508 423 2556 GS
443 2502 457 2575 Η
478 2504 631 2560 solstitiale
655 2509 677 2556 V
702 2505 714 2574 Η
741 2504 758 2559 2
776 2502 897 2557 mediam
918 2507 940 2554 G
961 2501 974 2573 Η
994 2501 1140 2571 longitudo
1160 2502 1189 2555 in
1206 2502 1250 2557 his

139 2587 265 2643 offois
285 2588 299 2662 Η
321 2590 504 2661 longitudinis
517 2591 546 2646 in
558 2592 603 2646 his
622 2596 644 2645 V
659 2589 671 2662 Η
687 2588 870 2658 longitudinis
884 2588 1097 2659 latitudinisque
1113 2591 1250 2643 Cerrsorr'a.

139 2675 154 2747 Η
172 2677 202 2731 in
213 2676 257 2732 his
270 2672 416 2748 longitudo
429 2678 604 2749 latitudoque
619 2680 633 2730 b
648 2677 661 2750 Η
683 2678 802 2732 oblicum
818 2682 839 2728 ⁶
860 2675 874 2747 Η
895 2677 1038 2747 obliquum
1053 2676 1146 2728 Geato
1168 2673 1181 2746 Η
1202 2676 1251 2730 ob-

138 2763 254 2834 liqui'S
273 2762 290 2836 Η
309 2765 423 2836 oblique
441 2770 464 2818 V
480 2768 625 2819 Veliotstus
635 2769 702 2818 conl.
714 2768 782 2816 Plio.
793 2782 819 2816 a.
829 2765 854 2815 t.
868 2768 942 2816 1104
954 2762 968 2834 Η
984 2762 1113 2834 obliquus
1125 2767 1222 2829 scripsi
1236 2760 1250 2831 Η

137 2852 156 2907 5
173 2851 260 2923 poplo
279 2853 367 2923 sanat
381 2852 479 2907 toras
499 2850 512 2923 Η
533 2852 664 2924 poploen.
684 2851 762 2905 afora
782 2855 821 2902 θ’
838 2861 936 2918 porreto
950 2856 1046 2903 occisso
1062 2848 1098 2901 6ὁ
1118 2847 1131 2918 Η
1152 2849 1251 2920 poplo-

139 2938 299 3010 canaphora
311 2944 360 2994 SV
371 2938 386 3011 Η
400 2940 505 3010 populo
519 2938 686 3010 Oanophora
699 2941 713 2990 b
727 2935 742 3008 Η
762 2935 966 3007 πολυανάφορα
983 2938 1113 2989 t'rraclios
1134 2935 1147 3007 Η
1166 2934 1252 3007 polon

139 3025 282 3096 anaphora
298 3028 444 3080 Vrticlsias
459 3026 472 3096 Η
492 3026 620 3081 dicuntur
638 3024 686 3097 Vll
700 3024 751 3080 sed
765 3041 818 3079 oon
831 3023 882 3079 sed
896 3025 1096 3095 compensatio
1112 3027 1134 3075 G
1149 3023 1162 3093 Η
1177 3038 1251 3076 com·

138 3112 269 3183 pensatio
284 3112 349 3166 GW
366 3112 380 3185 Η
400 3113 527 3184 partibus
546 3117 568 3166 V
587 3112 600 3185 Η
620 3116 637 3170 6
655 3112 793 3185 adplicari
808 3117 872 3165 06⁸
892 3110 907 3184 Η
926 3113 1063 3184 applicari
1078 3109 1142 3165 ⁶⁶1⁷
1162 3109 1174 3182 Η
1195 3126 1251 3164 am-

137 3194 257 3270 plifict'tri
275 3203 296 3252 S
317 3198 330 3270 Η
350 3200 492 3272 adplicare
515 3201 653 3254 Censorio.
673 3200 687 3273 Η
708 3219 794 3254 coonx
807 3206 857 3255 SV
876 3200 889 3272 Η
910 3202 925 3255 7
944 3201 1025 3254 arieti
1046 3205 1110 3252 GG‘
1130 3198 1143 3271 Η
1165 3199 1254 3253 altera

138 3290 213 3340 codd.
233 3305 322 3341 omres
342 3287 355 3360 Η
376 3288 432 3342 alia
451 3290 465 3340 t
487 3287 500 3360 Η
525 3288 634 3342 alterna
654 3290 784 3341 coactius
808 3286 820 3358 Η
849 3292 914 3342 sunt
931 3288 1092 3342 masculinis
1112 3286 1251 3341 femininis

137 3374 323 3430 masculorum
338 3373 441 3427 daedi
461 3375 475 3445 Η
494 3375 667 3429 naturalibos
681 3376 736 3428 alia
750 3379 824 3428 crido.
840 3395 930 3429 onraes
950 3375 962 3448 Η
983 3375 1123 3431 natalibus
1137 3373 1193 3427 alis
1206 3375 1220 3424 b
1235 3371 1248 3443 Η

137 3460 278 3517 natalibus
291 3461 399 3516 alterna
411 3463 487 3517 talc.
508 3461 522 3534 Η
541 3466 558 3519 8
576 3463 758 3517 foeminarum
775 3468 797 3515 V
816 3462 828 3536 Η
850 3464 1047 3518 conuenientia
1066 3465 1158 3514 auctior·
1178 3465 1250 3513 erro

137 3558 164 3602 et
179 3541 362 3620 Censoriaoss
382 3565 470 3620 quoq;
493 3555 514 3603 S
520 3555 542 3603 1⁷
556 3549 569 3621 Η
588 3550 742 3607 9deforme
756 3556 831 3604 codd.
846 3569 936 3605 omaus
956 3550 969 3618 Η
989 3549 1106 3603 biforme
1122 3548 1251 3601 careotas

140 3631 154 3707 Η
174 3633 365 3691 denominatio
388 3635 443 3707 Vll
462 3639 480 3693 0
499 3637 573 3708 quod
593 3639 632 3692 sit
650 3638 759 3708 signum
780 3644 803 3692 V
822 3638 835 3709 Η
855 3639 993 3710 tropicum
1013 3639 1106 3688 aridate·
1126 3653 1161 3688 eor
1181 3640 1251 3689 Get

139 3723 286 3776 Oeaeoriao
304 3720 317 3794 Η
337 3725 371 3778 11
385 3723 458 3778 duo‘r'
472 3725 690 3794 aequinoctialia
705 3731 726 3779 6
742 3727 754 3799 Η
769 3728 842 3781 aries
857 3746 905 3779 om.
922 3721 1047 3777 GG⁰G⁶S
1066 3722 1080 3794 Η
1100 3722 1171 3795 librq
1186 3727 1252 3776 66⁶

139 3806 176 3860 θ’
195 3806 209 3880 Η
229 3808 335 3865 libres
356 3809 370 3881 Η
390 3811 564 3867 solistitialia
578 3819 616 3866 θ’
636 3812 650 3885 Η
671 3814 800 3869 solsticia
817 3819 838 3867 V
857 3812 869 3885 Η
891 3810 1091 3867 solsticialiss
1112 3810 1125 3882 Η
1147 3812 1250 3866 12118-

136 3895 212 3950 xima
232 3897 295 3950 66⁶
315 3896 329 3970 Η
349 3899 470 3954 maxima
491 3904 579 3953 G⁶SV
598 3900 611 3974 Η
631 3901 790 3973 proximat
811 3898 824 3970 Η
845 3898 1013 3970 antepositis
1034 3897 1171 3954 deformia
1193 3904 1216 3953 V
1233 3898 1247 3970 Η

137 3983 173 4038 13
191 3980 330 4040 deformia
348 3991 421 4043 codd.
433 4005 600 4044 consessore.
611 3989 687 4041 Iota.
708 3988 722 4060 Η
742 3990 777 4044 14
794 3989 837 4042 De
850 3987 994 4042 solutione
1008 3989 1038 4039 et
1051 3987 1148 4041 ordina
1167 4003 1249 4058 spere

137 4073 254 4124 iaceas
273 4070 287 4143 Η
308 4074 343 4130 15
359 4073 467 4144 Figura
483 4079 533 4128 SV
550 4075 563 4147 Η
584 4075 736 4146 figurantur
752 4080 848 4145 scripsi
868 4073 882 4146 Η
902 4076 936 4130 16
956 4089 1025 4144 quas
1043 4079 1066 4128 7
1085 4073 1098 4146 Η
1118 4074 1247 4129 dilatabi-

137 4159 183 4212 tur
200 4158 222 4210 S
241 4155 255 4228 Η
275 4157 409 4215 diuiditur
431 4166 454 4215 V
472 4159 486 4232 Η
507 4159 640 4220 dilabitur
658 4164 672 4216 b
693 4161 707 4234 Η
728 4165 761 4220 17
773 4163 932 4236 pedibus-
943 4163 1110 4236 serpentarii
1128 4167 1214 4217 oms
1234 4163 1247 4233 Η

137 4258 201 4300 oum
223 4249 246 4299 V
265 4243 279 4317 Η
299 4247 379 4302 ouius
398 4249 412 4301 t
433 4246 448 4320 Η
