2948 5010
635 420 962 500 --140-·Ι

164 606 253 674 dtur
275 603 357 668 eetui
380 602 422 667 ad
444 600 673 667 deuorandum.
697 621 780 683 quae
803 619 959 684 suspensa
972 599 1055 664 inber
1077 598 1159 665 duos
1181 604 1309 665 montes

77 704 80 709 ¹
201 717 233 779 et
255 711 400 795 exposite
422 711 505 776 cetui
527 732 598 776 eum
621 710 767 775 omnibus
790 709 991 776 ornamentis.
1014 728 1034 771 a
1055 706 1174 774 Perseo
1198 713 1308 774 auoem

200 821 337 886 liberata
364 825 412 885 est
434 826 464 884 et
486 820 526 885 ob
549 820 583 883 id
604 821 722 884 Perseo
745 817 874 882 addiete
895 816 1115 898 beneficioque
1138 816 1306 882 Mineruae

201 928 357 994 sideribus
385 934 514 1012 recepta
541 934 598 993 est.
643 925 813 1010 Euripides
841 946 978 1008 namque
1006 925 1083 990 dieit
1109 923 1191 990 inter
1218 931 1308 990 astru

175 1036 387 1102 seolloeatam
411 1056 496 1121 esse,
526 1042 560 1101 ut
582 1037 674 1101 labor
694 1034 804 1100 Persei
827 1040 975 1100 aeternus
998 1040 1127 1118 pareret
1147 1032 1308 1098 manibus·

203 1165 264 1227 que
287 1145 355 1210 eius
378 1144 541 1229 expansis,
565 1144 832 1227 quemadmodum
855 1145 938 1209 eetui
961 1145 1108 1228 oppositu
1130 1141 1188 1208 esb'
1223 1161 1307 1223 quae

202 1273 272 1318 eum
289 1274 308 1318 e
323 1254 441 1321 Perseo
465 1260 556 1320 esset'
571 1255 716 1332 liberate
740 1272 845 1336 neque
861 1254 942 1336 patri
965 1272 1069 1336 neque
1090 1252 1184 1320 matri
1205 1251 1308 1317 uoluit

202 1363 404 1442 commorari,
436 1364 495 1430 sed
527 1363 675 1429 continuo
707 1381 777 1426 eum
804 1363 921 1428 Perseo
949 1369 997 1427 est
1023 1361 1118 1445 Argis
1150 1358 1304 1444 profecta.

203 1468 299 1535 babet
321 1471 430 1537 stellas
452 1473 485 1536 iu
508 1471 611 1555 eapite
634 1473 752 1537 elerum
775 1494 800 1549 1,
823 1472 857 1536 in
879 1471 1015 1553 singulis
1036 1470 1176 1534 humeris
1199 1469 1307 1554 siugu-

166 1603 191 1643 ιο
202 1578 261 1656 las,
283 1579 316 1642 in
337 1579 471 1666 singulis
493 1581 606 1646 cubitis
629 1580 772 1664 singulas
794 1581 909 1659 claras,
932 1581 966 1643 in
988 1579 1101 1645 dextra
1123 1599 1221 1644 manu
1243 1579 1306 1644 ela·

201 1707 269 1750 ram
292 1711 317 1766 1,
347 1689 380 1752 in
408 1689 522 1754 eodem
549 1688 681 1755 braohio
712 1691 815 1755 oleras
837 1712 875 1767 11,
901 1689 935 1753 in
957 1708 1040 1753 zona
1061 1712 1112 1769 111,
1140 1688 1199 1754 sub
1226 1707 1308 1754 zona

202 1803 364 1880 quattuor,
397 1798 430 1862 in
463 1798 598 1878 singulis
631 1799 766 1879 genibus
798 1799 902 1863 elaras
937 1797 1095 1881 singulas,
1128 1798 1162 1864 in
1195 1797 1305 1864 dextro

201 1904 282 1988 pede
304 1929 337 1989 11,
359 1906 393 1970 in
416 1905 542 1971 sinistro
565 1927 670 1970 unam.
693 1914 766 1972 sunt
788 1925 899 1972 omnes
921 1929 974 1970 xx.

286 2015 511 2080 Andromedae
533 2016 628 2099 capiti
651 2018 790 2100 sonipes]

150 2109 189 2188 ¹15
287 2126 397 2205 Equus
424 2131 589 2208 praeterea
615 2125 764 2190 dimidius
793 2131 841 2191 est
867 2126 973 2209 priore
999 2132 1090 2210 parte
1117 2146 1235 2210 parens
1263 2127 1307 2193 ad

164 2317 284 2402 unae
312 2318 396 2384 eetui
422 2317 571 2401 adposita
599 2324 630 2381 et
656 2339 676 2380 a
697 2317 816 2383 Perseo
846 2317 972 2384 saluata
1000 2318 1191 2403 contempsit
1218 2319 1309 2385 habi-

200 2434 268 2492 tare
291 2447 360 2503 eum
386 2425 586 2510 parentibus,
617 2426 674 2490 sed
697 2433 807 2510 sponte
830 2448 901 2491 eum
924 2448 962 2493 eo
989 2430 1040 2493 ÷in
1067 2428 1187 2513 templo
1217 2428 1305 2494 obiit.

201 2535 298 2600 habet
321 2534 449 2617 quidem
465 2533 575 2598 stellas
596 2534 747 2617 incapite
764 2536 964 2619 splendidam
985 2559 1092 2617 unam,
1114 2536 1149 2602 in
1170 2541 1307 2620 utroque

200 2643 332 2709 humero
348 2662 456 2721 unam,
471 2643 505 2706 in
520 2641 625 2708 eubito
643 2641 755 2709 dextro
770 2664 876 2723 unam,
891 2646 925 2709 in
940 2667 1036 2712 manu
1051 2646 1183 2712 nitidam
1200 2666 1306 2731 unam,

162 2753 233 2819 min
259 2752 386 2818 sinistro
416 2751 521 2817 eubito
551 2771 663 2830 unam,
690 2752 724 2816 in
746 2753 876 2818 brachio
900 2756 1019 2822 nitidas
1042 2756 1137 2834 duas,
1166 2756 1212 2820 in‘
1226 2776 1308 2822 zone

200 2868 278 2946 tres,
313 2881 408 2945 super
439 2882 552 2927 zonam
580 2867 728 2944 quatuor,
762 2862 795 2925 in
826 2855 963 2947 ¹singulis
994 2864 1128 2946 genibus
1161 2857 1307 2948 singulas

200 2970 399 3055 splendidas,
435 2972 468 3034 in
495 2969 606 3034 dextro
636 2969 719 3054 pede
747 2970 840 3057 duas,
871 2973 905 3037 in
931 2973 1061 3039 sinistro
1091 2995 1197 3040 unam.
1234 2980 1308 3040 suni

201 3088 311 3145 omnes
332 3063 386 3143 nx.
619 3087 621 3091 '
1096 3079 1100 3090 '

286 3189 396 3269 Equus
411 3195 585 3272 praeterea,
610 3207 705 3269 quem
727 3188 855 3268 quidam
878 3196 1044 3272 poetarum
1067 3189 1242 3260 falsissime
1257 3215 1307 3260 er-

161 3323 187 3360 eu
200 3297 356 3361 bitrantur
377 3298 458 3362 inter
481 3303 569 3362 astra
591 3297 790 3361 oonloeatum
813 3318 885 3364 esse
909 3301 1050 3381 eoquod
1072 3321 1092 3364 a
1114 3302 1306 3368 celsitudine

162 3515 183 3563 s
237 3497 250 3549 1
272 3493 347 3548 cetui
366 3496 411 3547 est
433 3497 455 3546 V
473 3491 486 3563 Η
510 3494 527 3548 3
545 3508 628 3562 perse
647 3493 742 3547 edictu
759 3495 780 3544 S
801 3489 815 3563 Η
835 3509 936 3562 persea
954 3494 1031 3549 dieta
1053 3501 1076 3547 V
1094 3493 1108 3566 Η
1128 3497 1239 3552 Perseo
1259 3498 1307 3552 ed·

201 3582 277 3634 dieta
294 3584 390 3647 scripsi
409 3578 423 3650 Η
442 3579 605 3649 benefitioq.
623 3583 644 3631 S
665 3577 678 3651 Η
698 3580 824 3634 Minerue
844 3582 928 3635 astris
946 3586 1061 3652 recepte
1084 3588 1106 3634 V
1125 3581 1139 3653 Η
1158 3583 1177 3638 4
1195 3584 1307 3658 Euripi·

201 3667 251 3722 des
271 3683 332 3720 eum
351 3666 421 3719 dicit
439 3671 460 3717 V
479 3664 490 3735 Η
511 3668 528 3722 5
547 3681 611 3719 esse
631 3685 681 3720 οηι.
700 3672 721 3718 V
742 3665 755 3736 Η
776 3667 883 3720 leborei
902 3672 922 3719 S
943 3667 956 3739 Η
976 3673 1088 3738 peteret
1105 3675 1127 3721 V
1145 3667 1158 3740 Η
1178 3671 1307 3726 menibus

205 3759 225 3806 V
245 3750 259 3823 Η
279 3755 295 3807 6
314 3753 439 3806 extensis
458 3757 479 3803 V
498 3750 512 3823 Η
532 3753 547 3806 7
566 3751 685 3806 liberate
705 3757 781 3806 esset
799 3758 821 3806 V
840 3752 853 3824 Η
873 3756 890 3809 8
910 3757 954 3808 est
973 3774 1022 3809 om.
1041 3761 1063 3808 V
1082 3755 1095 3826 Η
1115 3756 1246 3825 profecte
1263 3762 1308 3812 est

205 3847 227 3893 V
245 3842 258 3909 Η
280 3840 314 3895 14
334 3844 422 3892 Germ.
437 3845 579 3892 bor-223
598 3843 619 3891 S
639 3836 652 3908 Η
673 3841 707 3895 15
726 3843 855 3920 preterea
868 3844 917 3892 SV
936 3841 949 3910 Η
1332 3830 1339 3837 ’

163 3968 205 4015 a·
235 3955 269 4008 16
289 3952 348 4018 Qne
369 3949 417 4005 ΘΜ
431 3970 498 4007 corr.
515 3950 563 4003 GM
583 3948 596 4022 Η
617 3951 744 4005 counio
765 3950 777 4022 Η
798 3953 831 4006 11
850 3952 879 4005 in
896 3953 1040 4024 templod
1060 3952 1073 4022 Η
1093 3954 1122 4007 in
1140 3953 1250 4025 templu
1269 3957 1308 4008 G·

201 4039 237 4094 Oi
256 4059 290 4092 un
306 4033 479 4110 extemplo?
499 4035 513 4108 Η
537 4039 627 4092 hobiit
647 4038 751 4092 GGVOV
781 4038 794 4109 Η
828 4039 861 4093 21
882 4044 1012 4108 quattuor
1031 4039 1108 4094 6⁶6⁵
1139 4039 1152 4111 Η
1181 4042 1217 4096 23
1235 4039 1306 4094 AN·

198 4124 390 4182 DRObfflDA
407 4127 507 4179 subscr.
528 4125 592 4178 (36⁶
619 4121 633 4195 Η
658 4130 799 4193 ιἠιιῳὶποηι
817 4127 910 4194 praeb.
931 4124 1035 4179 GG⁶G⁶
1063 4125 1076 4197 Η
1105 4126 1142 4183 24
1159 4130 1308 4199 poetarum

200 4213 277 4269 <uob
298 4212 311 4285 Η
643 4249 646 4255 -
990 4264 993 4269 .
