2948 5010
626 408 860 475 -189-

187 591 283 664 tenet,
307 589 361 650 aut
383 582 584 666 pantheram,
608 601 702 663 quam
733 584 902 644 centaurus
930 584 1043 659 gestat.
1079 597 1162 660 quae
1190 577 1337 650 sideras

188 694 284 760 uelud
307 699 416 776 partes
439 690 607 754 habendae
631 695 702 753 suut
732 689 900 772 potiorum.
935 690 1016 754 haec
1037 689 1134 770 igitur
1157 688 1296 770 quinque

188 811 219 869 et
252 803 380 886 triginta
414 801 507 884 signa
541 798 648 863 circuli
677 799 893 863 interiacentis
921 798 1040 863 ambitu
1068 799 1297 879 discernuntur,

188 936 261 978 nam
284 913 348 977 alia
371 915 444 975 sunt
460 909 633 990 aquilonia,
658 909 723 973 alia
746 910 895 974 austrina.
919 910 1051 994 regione
1074 929 1152 973 uero
1176 905 1298 971 zodiaci

190 1043 272 1106 quae
295 1020 526 1104 septentriones
548 1039 661 1083 uersus
684 1019 813 1102 depicta
835 1025 916 1097 sunt,
941 1019 1107 1100 aquilonia
1128 1017 1299 1102 perhihen-
1324 1041 1335 1076 5

191 1140 251 1212 tur,
273 1132 407 1196 interius
430 1136 535 1193 autem
559 1135 764 1194 numerantur
779 1129 939 1222 austrina,
958 1129 1119 1212 aquilonis
1134 1127 1230 1210 igitur
1246 1130 1297 1189 ha-

190 1245 264 1308 bent
287 1247 409 1323 partem
432 1245 566 1320 utraque
595 1239 781 1323 septentrio,
810 1240 921 1318 draeo,
952 1239 1007 1321 qui
1029 1240 1111 1303 inter
1134 1243 1299 1316 utramque

190 1353 351 1418 flexuosus
363 1350 515 1427 illabitur,
523 1354 675 1427 arcturus,
690 1369 784 1430 quem
797 1350 850 1413 alii
864 1351 981 1414 booten
994 1348 1167 1432 appellant,
1182 1365 1300 1411 corona

191 1461 350 1526 Ariadnes
366 1462 534 1540 nixusque,
552 1479 646 1540 quem
663 1459 717 1522 alii
735 1461 913 1540 engonasin
930 1460 1046 1544 dicunt,
1067 1460 1149 1551 lyra,
1167 1475 1300 1541 cygnus,

192 1571 349 1656 Cepheus,
367 1569 541 1652 Cassiepia,
559 1569 707 1649 Perseus,
728 1569 881 1647 deltoton,
906 1571 1067 1647 euioehus,
1083 1565 1299 1647 Andromeda,
1316 1592 1340 1630 ιο

192 1685 344 1766 Pegasus,
370 1678 557 1762 ophiuchus,
582 1678 761 1762 delphinus,
785 1679 903 1760 aquila,
927 1680 1055 1761 sagitta.
1079 1678 1221 1743 austrina
1243 1697 1300 1740 au-

193 1798 258 1857 tem
281 1790 360 1854 haec
383 1794 470 1853 sunt:
500 1787 630 1872 hydrus,
655 1795 767 1867 crater,
792 1810 916 1873 coruus,
941 1810 1093 1873 procyon,
1118 1788 1225 1871 Orion,
1250 1807 1301 1851 ca·

193 1901 313 1979 nicula,
337 1900 443 1982 lepus,
468 1897 637 1976 Eridanus,
664 1899 719 1979 qui
742 1900 781 1963 ab
806 1899 933 1964 Orionis
956 1899 1037 1983 pede
1060 1898 1179 1976 defluit,
1203 1904 1300 1982 cetus,

194 2011 381 2088 Centaurus,
404 2008 496 2071 nauis
513 2008 609 2088 Argo,
633 2009 729 2092 piscis
746 2011 916 2087 austrinus,
941 2010 1108 2086 caelulum,
1133 2029 1189 2072 ara
1204 2007 1238 2071 id
1255 2013 1303 2071 est

193 2120 375 2185 sacrarium.
415 2139 487 2180 nam
512 2124 543 2181 et
566 2138 697 2203 aquam,
722 2141 804 2202 quae
827 2140 867 2184 cx
890 2125 1012 2184 cratere
1035 2119 1161 2200 aquarii
1182 2118 1301 2200 defluit,
1319 2145 1340 2182 15

192 2229 305 2293 melius
327 2234 450 2312 partem
475 2228 558 2310 signi
582 2229 740 2293 credimus
763 2234 794 2293 et
817 2229 952 2307 stellam,
976 2250 1070 2310 quam
1095 2228 1226 2311 quidam
1243 2229 1302 2293 Ca-

192 2359 313 2423 nopon,
347 2338 475 2420 quidam
497 2338 686 2402 Ptolonreon
710 2340 886 2422 appellant,
911 2357 993 2420 quae
1018 2339 1233 2422 superioribus
1256 2339 1303 2403 in-

193 2451 367 2532 conspicua
384 2449 416 2512 in
432 2447 567 2513 confinio
581 2449 798 2512 Alexandriae
813 2449 923 2531 incipit
938 2469 1102 2534 apparere,
1126 2455 1159 2513 ut
1181 2456 1302 2534 partem

193 2558 326 2623 Eridani
349 2559 487 2623 fluminis
510 2548 698 2621 aestimabo
720 2560 798 2622 haec
821 2557 972 2623 discernit
991 2560 1140 2624 zodiacus
1158 2560 1302 2643 circulus,

194 2669 249 2750 qui
272 2668 399 2752 quidem
422 2668 575 2749 aequales
599 2667 767 2731 duodecim
792 2670 954 2749 signorum
975 2670 1115 2750 integrat
1128 2671 1302 2753 portiones,
1317 2695 1342 2732 ρο

194 2778 253 2844 scd
275 2778 421 2843 undecim
443 2778 540 2841 habet
563 2777 665 2858 signa.
689 2779 833 2863 scorpius
857 2779 939 2842 enim
964 2784 1026 2842 tam
1051 2801 1140 2842 suum
1165 2781 1303 2864 spatium

194 2909 327 2972 corpore
350 2909 444 2970 quam
461 2888 559 2951 chelis
576 2894 712 2970 occupat
726 2889 837 2972 librae,
860 2888 949 2952 cuius
972 2889 1167 2972 superiorem
1184 2895 1303 2972 partem

194 2997 295 3082 pedes
323 2998 457 3078 uirginis
485 3004 693 3080 occuparunt,
728 2999 881 3062 maiorem
911 3019 988 3062 uero
1018 3006 1142 3082 partem
1172 2997 1302 3081 scorpii,

195 3107 337 3190 denique
360 3107 478 3192 chelas,
504 3127 599 3189 quarn
623 3108 737 3173 libram
762 3109 909 3193 dirimas,
933 3110 1062 3192 quidam
1085 3109 1195 3173 dixere
1218 3107 1304 3171 Grai.

196 3216 307 3282 horum
338 3238 414 3305 ergo
444 3219 607 3299 signorum
631 3218 801 3283 duodecim
826 3220 968 3298 nornina,
997 3220 1080 3302 quod
1110 3219 1206 3302 uulgo
1229 3224 1342 3282 nota-25

196 3334 277 3405 sunt,
302 3328 526 3411 praetermitto.

230 3509 249 3561 4
267 3523 284 3559 e
301 3509 415 3576 regione
436 3508 539 3577 quippe
560 3505 668 3559 zodiaci
690 3509 844 3559 Martianus
864 3509 891 3576 (a
905 3527 954 3562 ona.
970 3510 1042 3561 Elttl
1057 3513 1154 3561 alrtear't
1175 3524 1269 3559 rarsas
1289 3504 1342 3557 tS

197 3617 232 3680 cf.
248 3616 379 3667 Martiana.
395 3617 434 3664 rd.
450 3614 643 3678 Eyssenhardt.
658 3631 683 3676 p.
695 3618 758 3674 309)
779 3611 792 3679 Η
813 3613 830 3667 5
849 3612 940 3667 defixa
959 3616 1153 3680 Eyssenhardt.
1175 3612 1188 3683 Η
1209 3614 1224 3666 7
1243 3581 1304 3682 titq3

198 3700 373 3769 septentrion
395 3705 413 3749 S
435 3699 447 3770 t,
469 3703 486 3755 8
504 3699 608 3752 booten
627 3703 647 3750 S
669 3697 681 3767 tt
703 3697 832 3753 adrianes
853 3704 872 3751 S
896 3699 910 3771 Η
939 3703 972 3755 12
990 3700 1114 3771 prolrion
1133 3705 1152 3752 S
1174 3701 1186 3771 Η
1206 3703 1241 3756 14
1260 3718 1305 3755 ce-

199 3785 332 3848 lulnmara
352 3787 375 3855 l·
395 3804 422 3840 m
440 3792 468 3839 in
488 3788 524 3839 mi
543 3795 638 3838 asaron.
658 3786 668 3836 i
686 3788 712 3836 ia
732 3791 827 3840 nass
854 3788 866 3857 Η
891 3789 924 3842 17
943 3786 1104 3856 ptolomeon
1123 3792 1143 3839 S
1162 3791 1207 3854 (=
1228 3794 1306 3841 Mar-

199 3879 267 3927 tr'anr'
288 3879 361 3926 codd.
382 3879 434 3927 BR
454 3895 496 3941 ap.
516 3873 723 3940 Eyssenhardt.)
749 3874 933 3945 Ptolemaeon
953 3876 1146 3941 Eyssenhardt.
1168 3885 1195 3925 at
1216 3879 1251 3942 cs.
1272 3880 1305 3926 Κ.

197 3966 267 4015 Keil.
288 3981 348 4019 nora,
368 3980 431 4014 natas.
453 3964 526 4013 Rhea
557 3965 717 4012 xt’ntacs
745 3964 905 4014 Flcrhar'serr.
930 3981 988 4015 noar.
1010 3967 1101 4013 anrrat.
1122 3964 1189 4028 yart:
1206 3967 1306 4030 fasc!

198 4068 224 4117 p,
235 4057 318 4116 aspa.
335 4069 358 4101 a.
374 4056 440 4100 1866
450 4047 467 4117 ,ll
488 4050 521 4103 18
534 4047 651 4100 confinio
665 4052 685 4098 S
700 4045 713 4116 ΙΙ
728 4048 762 4102 19
776 4048 912 4102 estimabo
933 4047 1073 4101 extimabo
1094 4053 1113 4097 S
1133 4048 1147 4118 tl
1167 4051 1201 4104 23
1219 4047 1305 4115 uirgis

198 4152 371 4223 occuparis
401 4152 413 4222 Η
441 4153 477 4206 24
495 4151 612 4204 dicimus
633 4154 725 4202 addidi
745 4169 780 4202 aar
800 4156 939 4206 attentione
969 4153 984 4223 Η
1014 4153 1092 4207 Graii
1113 4158 1267 4206 Martianus
1290 4150 1305 4222 Η

198 4239 234 4296 26
253 4243 321 4294 nota
339 4259 408 4294 carr.
429 4257 464 4292 ear
482 4243 549 4293 nata
566 4244 586 4292 s
606 4236 621 4308 ΙΙ
