2948 5010
635 451 869 515 -188—

163 626 188 692 S
201 637 277 701 ergo
305 619 455 684 zodiacus
483 618 618 683 circulus
645 607 793 700 obliquus
822 620 903 685 siout
932 625 964 684 et
990 618 1111 685 lacteus
1134 622 1311 688 secundum

200 727 409 807 Aristotelem,
434 729 579 810 quamuis
595 729 717 812 physici
735 734 844 793 eontra
859 729 966 792 dicant
981 734 1133 812 utrosque
1157 731 1309 800 directos.

200 838 289 902 cuius
313 838 485 920 obliquitas
508 837 540 900 id
564 843 612 902 est
627 837 749 902 zodiaci
767 838 877 903 circuli
900 838 977 903 solis
999 859 1125 904 cursum
1149 843 1246 907 modo
1269 845 1311 910 ad

198 947 366 1013 hiemalem
389 948 539 1011 circulum
562 948 674 1029 uergit,
697 947 793 1012 modo
816 947 861 1012 ad
882 947 1040 1012 aestiuum
1063 952 1189 1037 attollit,
1212 955 1309 1020 modo

175 1056 240 1120 aad
262 1057 525 1138 aequinoctialem
553 1059 602 1122 his
629 1057 662 1120 in
684 1078 768 1121 anno
798 1057 830 1120 id
855 1063 904 1123 est
931 1064 1057 1121 euntem
1081 1074 1109 1124 et
1128 1061 1308 1129 redeuutem

199 1167 344 1230 admittit.
379 1167 463 1232 unde
486 1167 521 1231 fit
542 1174 589 1246 ut,
619 1188 688 1230 oum
712 1167 860 1231 hiemalis
883 1167 1024 1257 deuexus
1047 1167 1156 1253 fuerit,
1186 1173 1309 1238 maiora

200 1283 273 1340 sunt
300 1278 403 1360 spatia
431 1277 531 1341 noetis
561 1299 656 1358 quam
679 1278 743 1341 diei
767 1283 799 1341 et
821 1283 905 1340 terra
928 1296 966 1342 eo
990 1297 1011 1341 a
1034 1297 1070 1342 se
1092 1280 1222 1364 longius
1245 1283 1308 1348 dis-

200 1394 346 1451 currente
372 1387 485 1452 hiemis
512 1388 634 1470 rigores
663 1387 817 1450 sustineat
845 1393 888 1465 ct,
917 1408 987 1450 oum
1016 1407 1051 1451 sc
1078 1387 1121 1451 ad
1148 1392 1307 1457 aestiuum

200 1495 359 1578 extulerit,
389 1497 509 1561 maiora
540 1497 602 1561 sint
629 1495 735 1579 spatia
762 1495 825 1559 diei
853 1516 946 1577 quam
974 1496 1075 1562 noetis
1103 1504 1134 1561 et
1161 1505 1306 1568 tarraco

162 1623 187 1661 ro
200 1624 316 1687 supera
340 1626 373 1669 se
395 1607 526 1689 propius
549 1626 674 1671 cursum
688 1583 831 1670 'faciente
852 1606 1008 1671 calefacta
1030 1607 1156 1673 semina
1179 1631 1306 1693 quoque

199 1721 352 1798 concepta
380 1721 503 1780 matura
528 1715 663 1780 reddere
693 1720 828 1795 cogatur
855 1721 885 1779 et
912 1735 983 1779 cum
1017 1736 1052 1781 se
1080 1719 1306 1800 aequinoctiali

199 1824 321 1888 dederit
343 1825 490 1906 aequalia
514 1826 576 1889 sint
599 1825 704 1908 spatia
719 1824 840 1887 dierum
863 1843 902 1887 ac
924 1826 1065 1889 noctium
1082 1833 1113 1891 et
1128 1833 1215 1893 terra
1239 1851 1305 1894 uer-

199 1934 289 1996 nales
312 1933 380 1996 siue
396 1936 618 2017 autumpnales
633 1933 804 2017 temperies
827 1940 881 1996 aut
904 1954 940 1997 eo
964 1956 983 1998 a
1005 1937 1142 2001 brumali
1158 1941 1306 2005 ueniente

200 2042 241 2106 ad
265 2042 424 2106 aestiuum
447 2044 599 2109 redeunte
622 2043 785 2126 suscipiat.
820 2063 901 2124 quae
925 2046 1046 2124 omnia,
1071 2053 1227 2132 utsupra
1250 2050 1307 2115 fati

162 2173 185 2210 n
199 2173 317 2230 sumus,
342 2153 486 2218 eiusdem
509 2154 652 2235 signiferi
676 2151 847 2233 obliquitas
869 2151 954 2217 facit.
987 2155 1090 2236 quisi
1114 2159 1308 2225 recta.linea

200 2261 240 2325 ab
257 2262 376 2327 oriente
392 2263 424 2327 in
441 2263 639 2328 occidentem
655 2262 855 2339 discurreret,
879 2269 913 2326 ut
935 2265 1059 2350 physici
1083 2266 1202 2351 dicunt,
1227 2289 1306 2333 sem·

198 2391 256 2452 per
282 2372 433 2452 aequales
464 2373 534 2437 dies
561 2380 593 2438 et
617 2378 727 2435 noctes
756 2371 928 2436 existerent
955 2381 987 2438 et
1013 2375 1102 2440 nulla
1129 2382 1305 2461 temporum

199 2479 338 2545 uarietas
353 2482 504 2546 mundum
521 2488 655 2548 ornaret.
679 2480 775 2564 igitur
789 2502 846 2564 per
862 2483 998 2547 eundem
1022 2484 1215 2566 signiferum
1238 2508 1305 2572 sep·
1362 2504 1368 2519 ·

198 2594 261 2651 tem
296 2590 458 2654 stellarum
492 2592 662 2655 errantium
695 2590 803 2654 circuli
836 2590 980 2657 feruntur
1012 2593 1045 2656 id
1074 2600 1123 2659 est
1150 2596 1304 2662 Saturnus

160 2680 391 2763 aolouisffllars
414 2700 468 2764 Sol
491 2702 599 2765 Venus
621 2701 795 2766 Mercurius
817 2702 903 2767 luna.

283 2808 392 2891 Sopito
419 2809 517 2891 uigile
539 2810 673 2897 incesto]

284 2918 423 2982 Dubium
458 2921 540 2985 enim
574 2942 639 2985 non
673 2928 721 2985 est
752 2920 882 3002 triginta
915 2922 1055 3004 quinque
1083 2922 1184 3006 signis
1215 2944 1305 2989 omne

199 3027 422 3111 splendescere
449 3030 587 3108 caelum,
616 3029 678 3094 nisi
700 3029 778 3094 sorte
802 3031 880 3095 uelit
902 3031 973 3112 quis
995 3050 1105 3095 eorum
1127 3033 1305 3114 gestamina

199 3139 321 3204 sociare
349 3145 383 3203 ut
409 3160 553 3223 capram,
582 3159 664 3222 quae
692 3140 825 3205 eniocho
849 3142 1067 3224 superposita,
1095 3147 1153 3206 aut
1175 3141 1304 3220 haedos,

160 3270 185 3306 a
200 3249 254 3331 qui
276 3250 344 3315 eius
367 3250 498 3314 humero
522 3249 723 3331 sustinentur,
747 3249 799 3313 uel
822 3257 1011 3335 serpentem,
1034 3269 1129 3333 quem
1152 3250 1305 3334 ophiucus

161 3422 182 3470 S
235 3421 423 3491 3obliquitas
443 3420 466 3489 Ἠ·
487 3420 635 3475 zodiacis
661 3421 673 3493 Η
699 3422 777 3476 imo
798 3420 832 3473 ad
852 3425 872 3472 S
893 3420 905 3490 Η
926 3423 943 3477 5
962 3437 1033 3474 anno
1053 3420 1127 3474 idem
1147 3422 1182 3488 ad
1201 3420 1304 3474 eunden

198 3514 218 3562 S
239 3511 251 3578 Η
277 3526 348 3563 anno
367 3509 396 3562 id
416 3511 460 3560 est
480 3512 589 3561 euntem
609 3513 638 3561 et
656 3508 819 3561 redeuntem
837 3509 918 3561 schol.
932 3513 1071 3575 Souperm.
1094 3505 1108 3577 Η
1133 3512 1150 3565 6
1169 3510 1204 3573 ad
1223 3507 1306 3561 mittit

199 3602 219 3649 S
240 3595 253 3665 Η
273 3595 421 3658 iemalipS
446 3594 459 3664 Η
486 3595 634 3664 Ἠοξῃὶηε
654 3602 673 3641 S
696 3593 707 3663 Η
733 3595 863 3648 9extius1
882 3600 902 3647 S
923 3593 936 3664 Η
958 3597 991 3651 10
1010 3611 1110 3665 supare
1129 3600 1150 3647 S
1171 3592 1184 3663 Η
1206 3610 1306 3665 supera

200 3689 344 3751 asscripsi
366 3683 379 3753 Η
399 3683 483 3736 talem
503 3685 565 3735 sata
582 3687 603 3735 S
624 3680 637 3751 Η
665 3682 803 3735 calefacta
820 3683 900 3736 schol.
919 3687 1059 3748 Saupcrm.
1081 3682 1093 3750 Η
1115 3683 1150 3736 12
1169 3687 1235 3735 sunt
1253 3686 1273 3733 S
1291 3678 1305 3749 Η

199 3773 233 3826 13
251 3772 416 3840 autupnales
435 3775 455 3822 S
477 3768 490 3838 Η
511 3769 646 3822 abrumali
665 3775 685 3820 S
708 3769 720 3839 Η
742 3770 776 3823 14
794 3763 846 3840 snp
866 3769 903 3821 sci
922 3769 995 3821 sum⁰
1013 3773 1033 3820 S
1054 3766 1067 3838 Η
1088 3783 1173 3838 supra
1192 3768 1244 3822 fati
1263 3784 1305 3821 su·

198 3873 258 3910 mus
277 3863 373 3925 rra-spru·
394 3857 406 3926 Η
428 3858 462 3911 16
480 3856 616 3927 phisicis
636 3855 649 3926 Η
669 3856 704 3910 20
716 3858 756 3907 hic
770 3862 869 3924 lapitas·
881 3861 908 3908 ia
919 3860 1086 3908 Strozzr'ooo
1101 3857 1228 3907 cochleam
1242 3855 1307 3907 illud

198 3949 230 3996 de
249 3947 390 4009 rrreusldus,
410 3947 478 4010 quod
492 3948 573 3995 attoli
586 3948 615 3995 ta
628 3947 716 4010 procl*¹
738 3942 750 4013 Η
771 3945 804 3997 21
827 3943 1103 3998 &coarctata-6818
1124 3939 1136 4011 Η
1157 3944 1192 3997 22
1215 3946 1307 3994 Totrrm

176 4074 178 4079 .
198 4033 245 4082 hoc
264 4041 344 4097 castrat
365 4049 399 4082 ca
413 4035 552 4082 Martiano
569 4032 681 4096 errollu
700 4041 831 4096 srcruptum
846 4041 884 4083 est
906 4035 940 4098 cf.
954 4034 1039 4081 Mart.
1057 4029 1123 4095 Cup.
1143 4033 1305 4081 1111888-

196 4128 249 4171 846
270 4123 282 4189 Η
302 4120 337 4173 23
357 4118 452 4187 qnisq;
472 4123 498 4170 S·
513 4117 525 4187 Η
548 4119 583 4172 24
602 4117 739 4170 sotiareS
760 4119 772 4187 Η
794 4119 902 4172 sociare
921 4117 990 4170 licet
1007 4115 1167 4169 animalium
1185 4114 1306 4169 uocabu-

198 4206 233 4258 lis
253 4208 421 4259 ccnseantur
442 4210 597 4259 litor-tiresus
621 4201 634 4272 Η
660 4212 783 4274 capras
810 4203 824 4274 Η
851 4220 963 4275 capram
981 4206 1078 4270 scripsi
1105 4200 1119 4273 Η
1145 4201 1236 4257 hedos
1254 4205 1275 4255 S
1293 4197 1307 4271 ΙΙ

197 4295 232 4352 25
250 4293 386 4365 ophiocus
405 4296 426 4345 S
446 4292 460 4365 Η
