2948 5010
634 459 788 501 -xxn
829 475 871 485 -·

200 609 316 676 decimi
338 607 407 694 (fol.
425 613 468 677 54
482 607 551 692 au.)
573 607 631 674 sed
651 632 712 672 nou
739 623 774 673 ut
800 611 939 694 aliquem
960 609 1184 674 eouelusiorem
1207 610 1308 674 locum

201 742 326 812 totumq.
353 729 496 814 spacium
522 711 652 812 impleat
680 727 806 792 lumine.
851 725 992 812 Siquis.
1019 725 1231 810 subscriptum
1259 731 1309 791 est

201 847 275 910 Noa
292 845 370 931 plus
392 831 562 908 inuenitur.

286 963 405 1027 Aratea
432 960 618 1044 conspirant
644 981 714 1025 aum
741 961 880 1027 editione
907 960 1044 1027 Viatorie
1071 963 1195 1047 Pisani,
1223 981 1308 1045 quae

200 1078 319 1165 prodiit
340 1078 496 1175 VenetiiS.
530 1080 624 1145 Anao
651 1081 773 1144 salutis.
796 1079 1080 1145 MOOOOLXXX
1083 1081 1174 1146 VIII.
1202 1095 1308 1146 oetaeo
1406 1107 1410 1121 ·

201 1198 351 1264 calendas
365 1199 551 1262 novembres.
575 1197 665 1262 euius
683 1196 835 1261 editionis
856 1196 966 1262 uariae
988 1197 1144 1263 lectiones
1159 1198 1191 1262 P
1202 1196 1308 1262 littera

203 1316 373 1398 insignitas
395 1313 502 1379 retulit
525 1314 672 1379 Orellius.

158 1426 201 1489 [Μ
288 1439 317 1502 9.
353 1434 451 1499 eodem
478 1433 679 1498 bibliothecae
712 1434 883 1498 Vaticanae
907 1435 999 1517 3110,
1032 1432 1307 1518 membranaceus,

201 1553 305 1618 forma
328 1553 502 1636 quadrata,
532 1549 616 1616 foliis
640 1555 716 1633 104,
741 1550 862 1616 saeculi
884 1551 955 1616 XV.
987 1551 1128 1635 inspexit
1149 1552 1307 1618 Hertzius.

200 1672 313 1756 insipit

329 1792 485 1876 Hiqiaius
507 1792 619 1856 Marco
641 1791 740 1854 Fabio
760 1790 896 1875 plimum
918 1791 1050 1855 salutem

203 1914 275 1991 post
297 1907 459 1990 Hyginum
482 1912 513 1970 et
534 1901 696 1991 Fulgentii
718 1907 943 1973 continentiam
967 1907 1187 1991 vergilianam
1209 1909 1309 1973 eonti-

203 2031 257 2090 net
280 2030 421 2091 extremo
444 2023 500 2090 fol.
516 2029 558 2093 52
574 2026 649 2091 adu.
672 2027 755 2093 haee

255 2152 259 2160 '
287 2146 406 2208 queui
430 2145 544 2208 librum
571 2148 733 2210 metricum
760 2159 788 2212 et
808 2147 995 2232 prosaicum
1023 2147 1077 2210 oui
1105 2147 1214 2210 titulus
1243 2160 1311 2211 erat

205 2265 239 2327 T.
257 2263 389 2329 Claudii
402 2262 530 2327 (lesaris
544 2264 644 2328 Arati
650 2266 847 2350 pleeuomeua
863 2265 902 2329 cle
917 2265 979 2328 aeli
987 2264 1142 2347 positione
1158 2276 1185 2326 et
1200 2264 1308 2347 quiuq.

202 2383 331 2447 circulis
353 2379 473 2446 muudi.
507 2380 561 2445 Ea
583 2382 639 2446 liae
655 2365 759 2446 libello
781 2384 927 2466 eaeerpsi
944 2378 1135 2445 solummodo
1154 2380 1307 2444 earmina.

202 2499 259 2565 sed
279 2501 314 2564 ia
336 2500 399 2564 alio
422 2497 580 2564 uolumine
602 2513 666 2590 tam
687 2523 799 2588 uersus
821 2523 916 2584 quam
935 2522 1051 2584 prosae
1070 2500 1190 2583 scripta
1204 2513 1286 2564 suut.

287 2616 363 2683 inde
391 2637 411 2681 a
440 2612 496 2680 fol.
511 2619 552 2684 52
572 2635 624 2680 au.
653 2621 802 2682 secuntur
828 2614 947 2680 Aratea
975 2635 1059 2699 quae
1086 2616 1132 2681 sia
1158 2615 1309 2682 finiuntur

201 2736 255 2802 fol.
272 2742 312 2805 58
329 2753 444 2800 auersa
502 2761 506 2769 ·

247 2852 332 2940 [425]
360 2857 433 2921 Toto
456 2856 563 2920 olarus
585 2878 662 2940 equo
683 2855 838 2946 uenientis
860 2857 985 2919 uuutiat
1007 2879 1107 2921 euros.

247 2970 333 3058 [413]
358 2973 445 3050 Quae
467 2974 561 3037 borea
581 2973 681 3055 celum
706 2975 917 3058 spectantibus
938 2957 1034 3039 idieet
1056 2978 1135 3040 artie.

247 3089 334 3177 [429]
357 3091 423 3155 Hie
439 3092 547 3176 prr'mo
570 3104 656 3155 ortus
680 3105 724 3156 est
745 3104 847 3155 crater
862 3093 982 3178 premit
1003 3093 1165 3158 ulterioris

247 3208 333 3296 [433]
358 3210 422 3276 Sub
442 3211 577 3295 pemiuis
596 3210 749 3295 proabiou
760 3210 910 3297 sulpeuti
929 3211 1045 3276 lamiae
1067 3213 1179 3296 surpit.
1212 3277 1215 3281 ,

247 3327 334 3415 [437]
359 3329 452 3413 Quiq.
476 3329 561 3392 aliae
582 3329 669 3414 stelle
692 3328 821 3392 diuersa
844 3329 910 3414 lepe
921 3329 1088 3414 feruutur.

245 3443 332 3533 [438]
355 3446 399 3510 Et
412 3448 549 3532 proprio
571 3460 655 3512 motu
676 3444 793 3512 mundo
816 3448 977 3510 contraria
999 3447 1139 3512 uoluunt.

245 3562 332 3650 [439]
357 3564 524 3630 (berrieulo
547 3564 729 3650 eureduutq.
754 3565 819 3630 loeo
842 3578 870 3630 et
891 3566 1029 3651 uestiqia
1048 3579 1178 3631 mutant.

286 3679 366 3746 folia
381 3686 422 3750 59
439 3687 470 3745 et
485 3687 527 3750 60
548 3701 653 3748 uaaua
676 3687 764 3761 sunt,
792 3689 858 3746 tum
881 3681 992 3765 insipit
1013 3702 1033 3746 a
1054 3681 1108 3748 fol.
1124 3689 1164 3751 61
1188 3684 1310 3770 Hygini

200 3802 234 3864 P.
257 3799 295 3863 A.
317 3799 397 3864 liber
419 3799 529 3864 tertius
557 3802 662 3886 illim
688 3803 874 3886 iaea‘piemus
897 3826 918 3864 a
936 3801 1010 3885 polo
1033 3802 1141 3887 barren
1158 3807 1308 3895 protimus

201 3917 306 3983 dicere
328 3922 359 3980 et
380 3916 486 3981 finitur
508 3916 564 3984 sol.
581 3923 621 3987 92
637 3938 690 3983 au.
715 3918 760 3983 ita
783 3920 962 4004 effusionem
989 3944 1068 3985 urae
1096 3922 1229 4006 aquarii
1254 3924 1313 4006 qui

200 4017 246 4100 ail
270 4038 372 4122 ipmm
401 4061 498 4122 usque
526 4039 666 4104 decurrit
693 4039 861 4123 accipiens.
897 4034 952 4102 fol.
969 4041 1010 4105 93
1032 4037 1144 4120 insipit
1165 4038 1306 4104 Mundus

101 4195 104 4200 ν
200 4156 300 4239 initur
323 4179 362 4219 ea
384 4168 520 4240 quatuor
543 4158 699 4223 elementis
723 4153 882 4241 [Martian.
906 4152 989 4239 Cap
1001 4153 1078 4220 VHI
1095 4153 1181 4240 814]
1225 4156 1309 4219 Mar-

4 4267 9 4274 ’
200 4270 278 4338 tiani
300 4271 514 4358 fragmentum
536 4294 638 4360 usque
660 4272 705 4342 ad
727 4272 822 4340 finem
848 4274 922 4341 h'bri
949 4271 1055 4341 ostani
1081 4272 1254 4358 porrigitur
1277 4280 1309 4340 et
