2948 5010
611 419 824 485 ..35-

165 589 265 655 Orion
286 589 404 655 umeris
427 584 607 673 splendebit
630 611 813 676 magnaque
834 592 900 657 diui

163 701 283 782 uagina
306 705 337 765 et
359 701 444 765 claro
467 701 610 766 caelatus
632 703 757 768 balteus
779 703 856 785 igni.
945 741 947 748 ,

164 830 284 874 cornua
306 815 338 874 et
359 809 517 875 Eridanus
539 810 661 893 liquido
684 811 765 878 feret
787 820 920 896 utraque
943 814 1043 879 00010.

155 979 160 991 ,
250 920 292 984 At
314 939 385 984 curn
408 921 510 1002 prima
531 919 607 984 iuba
628 921 759 987 radiarit
780 923 910 988 flamma
932 923 1066 1002 leonis,

164 1029 317 1113 quicquid
336 1035 425 1113 parte
449 1030 544 1096 micat
568 1031 668 1104 caelo,
693 1033 753 1098 hoc
767 1027 929 1126 ¹nascente
951 1033 1011 1098 sub
1033 1033 1137 1098 undas
1163 1085 1169 1091 „
1283 1064 1322 1102 coc

163 1159 257 1204 omne
279 1139 346 1205 abit
368 1144 462 1221 atque
484 1139 543 1205 feri
565 1140 724 1206 uenientis
747 1141 872 1224 defugit
894 1164 959 1206 ora.
1140 1133 1147 1148 ⁴

162 1255 233 1314 tota
255 1249 340 1314 Iouis
363 1269 469 1314 mersa
493 1256 542 1314 est
562 1250 676 1332 pennis
699 1251 901 1316 stellantibus
923 1251 1001 1333 ales,

163 1359 282 1441 quique
304 1377 389 1441 genu
411 1360 514 1443 posito
537 1359 683 1425 defessus
707 1357 852 1422 conditur
873 1361 967 1425 undis

163 1489 287 1534 summa
308 1490 392 1554 genu
414 1469 570 1534 subuorsa
591 1474 687 1552 tenet,
712 1490 776 1551 qua
798 1489 832 1535 se
855 1470 926 1553 lyra
948 1471 1058 1549 uoluit,

164 1598 257 1644 crure
279 1584 385 1660 tenus;
407 1579 490 1644 redit
510 1579 544 1644 in
567 1580 688 1645 caelum
713 1580 796 1645 uasti
819 1585 915 1663 caput
936 1581 1029 1664 hydri

164 1692 197 1754 et
218 1689 331 1772 pernix
353 1690 444 1773 lepus
467 1695 498 1755 et
520 1709 662 1773 procyon
686 1694 717 1754 et
738 1688 840 1753 Sirius
862 1689 932 1773 ipse

162 1799 322 1881 totiusque
345 1799 432 1865 oanis
454 1798 557 1863 rabidi
579 1799 715 1894 uestigia
736 1800 848 1884 prima.

248 1908 368 1992 Accipe
392 1929 475 1992 quae
495 1908 596 1973 uitent
617 1928 752 1973 exorsae
773 1910 943 1991 uirginis
967 1931 1036 1976 ora:

162 2016 331 2101 delphinus
353 2019 437 2083 notis
458 2020 522 2083 iam
544 2025 610 2082 turn
633 2018 799 2083 deflexerit
819 2021 915 2086 undis

162 2132 194 2191 et
214 2126 286 2212 lyra
307 2127 401 2192 dulce
424 2147 543 2193 sonans
567 2132 599 2193 et
620 2128 756 2194 flammis
779 2130 882 2195 cincta
903 2130 1019 2213 sagitta

163 2243 194 2302 et
216 2236 329 2301 niueus
352 2256 474 2322 cygnus
497 2239 676 2322 properarit
697 2243 830 2321 tangere
852 2234 976 2323 fluctus,

162 2355 297 2430 utraque
320 2365 426 2430 penna
448 2348 562 2413 uolans
585 2347 718 2412 caudam
742 2349 797 2413 uix
818 2349 903 2414 lucet
926 2349 968 2413 ad
991 2349 1104 2432 ipsam,

160 2457 375 2538 nigrescitque
398 2457 514 2534 Padus,
538 2462 642 2522 terrae
666 2459 720 2540 qui
743 2459 906 2541 proximus
930 2459 1041 2522 amnis.

159 2573 228 2631 tum
251 2572 345 2650 caput
368 2565 542 2631 abscondet
564 2566 702 2649 sonipes,
726 2572 791 2631 tum
814 2572 882 2632 tota
903 2567 1015 2633 latebit

161 2677 281 2755 ceruix,
303 2684 336 2740 at
358 2682 469 2741 contra
491 2675 656 2740 sublimior
677 2675 781 2759 hydra
803 2675 922 2741 leretur

161 2791 287 2853 cratera
308 2792 400 2850 tenus
423 2790 454 2849 et
476 2791 608 2869 surgent
631 2785 784 2867 aplustria
806 2785 922 2868 puppis

161 2897 291 2977 Argoae
312 2898 458 2976 totusque
481 2894 583 2973 eanis;
607 2893 665 2958 sed
688 2913 758 2957 oum
780 2893 834 2976 pia
856 2893 948 2975 uirgo

160 3004 311 3082 nascitur,
333 3004 391 3069 illa
412 3004 490 3069 ratis
513 3002 622 3068 media
643 3003 716 3086 plus
739 3002 854 3067 arbore
875 3002 968 3069 lucet.

247 3113 413 3196 Surgentis
435 3114 530 3178 etiam
553 3112 683 3177 chelas
707 3133 765 3177 sua
788 3113 881 3197 signa
903 3114 1071 3179 notabunt:

162 3210 261 3289 exilit*
274 3243 393 3288 oceano
417 3243 501 3288 nunc
522 3228 588 3286 toto
611 3223 697 3287 crine
719 3222 843 3300 bootes,

162 3429 337 3487 6020010100
356 3435 381 3482 B
403 3429 416 3501 Η
436 3429 561 3483 caelatus
577 3433 687 3482 Grotius
706 3429 719 3501 ΙΙ
740 3431 793 3486 603
811 3427 959 3508 heridanus
973 3434 997 3481 Β
1019 3429 1032 3501 Η
1053 3431 1104 3487 605
1123 3430 1175 3483 hoc
1194 3433 1273 3482 cmit-

163 3527 225 3570 taat
237 3520 314 3585 ΒΒρ,
333 3522 446 3571 inseruit
462 3521 573 3569 Grotius
587 3515 600 3588 Η
614 3519 666 3574 606
685 3532 792 3570 omnem
805 3521 828 3568 B
843 3514 856 3586 Η
872 3531 951 3570 omne
968 3521 1077 3571 Grotius
1089 3521 1114 3568 E
1126 3516 1140 3589 Η
1154 3519 1209 3572 fert
1220 3524 1245 3572 Β
1257 3516 1271 3589 ΙΙ

163 3605 217 3659 feri
229 3610 271 3672 Ep
292 3601 305 3676 Η
326 3604 424 3675 defigit
435 3610 459 3657 Β
476 3604 488 3676 Η
511 3603 619 3674 defugit
630 3609 670 3669 Ep
690 3603 702 3674 Η
722 3604 791 3658 hora
803 3608 872 3671 any
891 3609 1008 3657 corrosit
1024 3609 1133 3657 Grotius
1152 3602 1167 3674 Η
1185 3623 1210 3658 a.
1221 3605 1275 3661 274

161 3697 221 3745 iare
234 3694 276 3744 bic
289 3695 429 3744 collocarit
446 3696 556 3745 Grotius
576 3690 589 3762 Η
609 3692 661 3748 610
679 3691 768 3760 syrius
781 3696 806 3744 Β
826 3688 840 3762 Η
862 3690 951 3745 Sirius
968 3709 985 3759 y
1006 3691 1019 3763 Η
1039 3692 1090 3746 611
1109 3690 1201 3761 rapidi
1214 3697 1238 3744 Β
1259 3689 1273 3763 Η

162 3778 255 3832 rabidi
276 3783 386 3832 Grotius
404 3783 446 3830 cai
464 3780 504 3831 bic
517 3796 611 3830 uersus
624 3795 681 3830 esse
694 3782 801 3845 spurius
813 3782 921 3830 uidetur
940 3776 953 3848 Η
974 3779 1025 3833 613
1043 3778 1126 3832 motis
1149 3782 1170 3828 a
1191 3776 1204 3848 Η
1224 3794 1272 3831 no·

162 3866 201 3920 tis
216 3869 327 3918 Grotius
347 3864 361 3937 Η
382 3865 527 3919 defluxerit
539 3869 607 3917 idem
629 3864 642 3936 Η
662 3866 713 3920 617
727 3882 781 3935 qua
793 3869 905 3918 contrait
921 3849 1070 3933 0001110οΗ
1090 3867 1142 3921 618
1155 3863 1273 3919 abscon!

163 3952 206 4007 dit
218 3958 242 4006 B
258 3950 273 4024 Η
286 3952 443 4008 abscondet
456 3957 567 4005 Grotius
582 3951 595 4023 Η
611 3968 672 4006 cum
684 3955 746 4005 1010
760 3956 782 4003 B
798 3951 811 4022 Η
824 3957 883 4006 tum
895 3954 956 4006 1010
970 3955 1082 4004 Grotius
1096 3951 1109 4021 Η
1124 3953 1176 4007 620
1186 3952 1274 4005 Terra

162 4058 245 4108 tenus
258 4056 345 4108 traxit
357 4060 381 4107 Β
403 4054 416 4125 Η
438 4054 582 4122 surgentia
599 4052 699 4123 plustri
712 4055 749 4106 Β1
769 4051 783 4123 Η
804 4053 956 4123 surgentia,
975 4033 1111 4122 aplustria
1123 4053 1161 4107 13¹
1180 4053 1194 4124 Η
1214 4069 1273 4107 ora-

164 4144 226 4194 tera
243 4144 326 4195 tenus
345 4144 375 4194 01
393 4143 508 4210 surgent
526 4139 663 4210 aplustria
683 4145 793 4192 Grotius
813 4138 827 4210 Η
848 4141 899 4195 621
918 4140 1014 4207 Argoe
1033 4144 1058 4192 Β
1079 4137 1092 4209 Η
1113 4141 1165 4195 622
1183 4138 1275 4192 modia

163 4231 246 4282 10000
265 4227 364 4282 arbore
383 4232 495 4284 Grotius
516 4223 529 4298 Η
549 4227 602 4282 624
618 4226 728 4281 Exilem
747 4231 771 4278 Β
792 4225 805 4299 Η
826 4227 906 4282 exilit
925 4230 1036 4281 Grotius
1055 4225 1069 4299 Η

1005 4313 1024 4369 3
1034 4313 1054 4347 s
