2948 5010
598 384 833 452 ..103-

159 553 349 619 Phaenon.
383 551 542 620 seeundus
566 554 780 640 Phaethon,
809 556 863 638 qui
889 558 1130 641 eognominatus
1158 558 1270 626 dieitur

160 664 201 729 ab
217 662 303 729 Solis
324 662 389 727 filio
403 661 612 731 Phaethonte.
636 671 710 749 post
728 664 870 730 fulminis
886 666 983 731 iotum
1006 667 1096 734 eaelo
1113 673 1268 754 receptus.

160 772 245 838 hano
270 771 395 837 stellam
422 770 552 854 quidam
575 773 733 838 Saturni
760 773 877 839 dieunt.
907 775 1035 841 tertium
1057 775 1147 842 sidus
1168 779 1269 844 Mar·

161 881 225 966 tis,
245 880 299 964 qui
317 882 459 966 Pyrois
480 887 621 962 uocatur,
644 903 710 948 non
724 884 908 970 maximum,
931 884 1059 969 igneum
1075 885 1191 953 colore.
1215 888 1270 970 qui

160 996 289 1077 putatur
313 991 403 1056 iuxta
429 992 587 1057 Venerem
614 992 693 1058 situs
721 993 781 1058 hae
812 1013 852 1058 ex
880 1014 987 1060 eausa.
1018 993 1152 1079 petisse,
1182 995 1290 1077 quodi

160 1102 320 1167 Venerem
341 1101 411 1186 ipse
434 1101 597 1168 Vulcanus
619 1099 752 1167 haberet
773 1121 919 1188 uxorem,
950 1125 1015 1169 non
1037 1104 1099 1169 nisi
1121 1102 1162 1169 de
1185 1104 1269 1171 side*

161 1208 248 1275 ribus
271 1209 302 1276 ei
325 1217 410 1277 esset
431 1210 565 1276 iunotus.
589 1210 704 1295 Pyrois
727 1210 841 1277 dieitur
863 1232 883 1279 a
905 1233 963 1278 suo
986 1212 1113 1280 feruore
1135 1219 1167 1278 et
1189 1212 1271 1280 eele-

161 1316 265 1384 ritate.
289 1325 435 1401 quartum
458 1317 549 1385 sidus
564 1320 738 1404 Veneris,
761 1321 1008 1406 Phosphoros
1031 1323 1138 1389 eolore
1160 1341 1269 1402 aureo,

161 1426 263 1491 maior
287 1428 433 1494 omnibus
456 1427 624 1495 sideribus.
657 1449 752 1512 quem
773 1432 987 1516 Hesperum
1015 1435 1048 1497 et
1068 1430 1270 1517 Phospho-

161 1556 240 1600 rum
263 1554 335 1602 esse
358 1537 475 1603 dieunt.
507 1544 555 1604 est
576 1543 682 1604 autem
704 1558 763 1622 pes
786 1544 817 1605 et
839 1541 952 1625 eapud.
983 1541 1042 1606 †ob
1065 1560 1207 1607 amorem
1229 1561 1270 1608 ex
1283 1578 1309 1619 ro

161 1645 255 1729 epioe
276 1647 381 1731 rapuit
407 1654 440 1713 et
461 1669 533 1715 oum
556 1668 595 1714 eo
618 1649 797 1715 oonoubuit.
828 1668 868 1714 ex
888 1649 950 1714 hoo
971 1649 1146 1716 honoratus
1168 1650 1268 1731 eaelo,

161 1775 202 1820 ex
229 1755 371 1840 utrisque
398 1757 466 1824 eius
487 1758 631 1844 partibus
652 1756 860 1842 Phosphoros
887 1765 919 1825 et
940 1759 1106 1844 Hesperus
1128 1766 1269 1825 uooatur.

163 1864 306 1949 quintum
328 1864 418 1932 sidus
434 1866 646 1934 Mereurius
669 1873 811 1933 uooatur.
836 1869 990 1935 Stilbon
1013 1874 1071 1954 est,
1095 1887 1190 1951 quem
1212 1889 1270 1954 pu-

161 1973 267 2041 sillum
290 1975 349 2042 sed
372 1977 491 2042 elerum
505 1976 661 2043 Mercurio
683 1975 876 2063 adtribuunt,
900 1978 987 2061 quod
1008 1979 1037 2044 is
1057 1978 1177 2062 primus
1197 1997 1269 2044 eon·

162 2082 263 2149 stituit
285 2083 428 2151 ordinem
451 2086 532 2152 oaeli
555 2092 587 2152 et
608 2084 773 2152 stellarum
797 2095 828 2153 et
842 2087 1001 2154 horarum.
1025 2086 1148 2152 Stilbo
1171 2105 1307 2168 uooa-1⁵

135 2198 210 2258 -tar
230 2195 293 2260 hae
315 2214 357 2261 ex
380 2197 508 2263 eausa.†

161 2515 177 2569 1
190 2513 301 2585 phenor
316 2515 362 2565 ΔΡ
373 2511 386 2584 Η
401 2512 554 2567 seeundum
566 2517 589 2566 P
601 2512 614 2584 Η
628 2513 779 2584 phirhonA
796 2511 809 2584 Η
823 2514 922 2584 phison
935 2518 958 2566 P
970 2512 983 2584 Η
998 2514 1208 2582 cognominatur
1220 2518 1242 2567 P
1254 2513 1268 2586 Η

160 2598 364 2671 iiphtrhoned
386 2599 399 2670 Η
419 2598 535 2669 pibone
550 2605 571 2652 P
589 2598 602 2670 Η
623 2601 671 2671 qui
688 2605 831 2672 antepost
845 2604 977 2653 addianis
992 2618 1004 2653 ε
1024 2600 1036 2668 Η
1056 2598 1175 2654 fluminis
1190 2604 1238 2653 ΔΡ
1254 2598 1268 2671 Η

161 2688 179 2742 3
198 2685 318 2757 sydusP
337 2685 350 2758 Η
370 2688 387 2743 3
405 2687 529 2758 piroisP
547 2685 560 2758 Η
581 2687 673 2756 ignem
686 2693 736 2740 ΑΡ
754 2685 768 2759 Η
788 2688 899 2756 igneum
917 2691 1014 2754 scripsi
1034 2685 1048 2758 Η
1067 2687 1150 2756 igneo
1169 2688 1270 2741 Selou-

162 2791 236 2843 boet.
257 2789 270 2863 Η
291 2791 418 2846 eoloriA
444 2789 458 2861 Η
484 2791 571 2846 eolori
588 2797 611 2844 P
635 2790 649 2863 Η
673 2808 736 2845 nam
754 2794 898 2862 propter
916 2789 1063 2844 maximum
1081 2791 1173 2859 ignem
1193 2790 1268 2845 ealo-

160 2892 275 2947 remque
294 2896 306 2930 ε
332 2876 346 2948 Η
373 2878 390 2935 5
407 2878 478 2933 haee
496 2884 519 2930 Ρ
542 2878 554 2949 Η
581 2880 597 2934 6
615 2878 755 2932 Vulcanus
774 2882 882 2931 sectarii
902 2895 913 2931 ε
937 2875 950 2948 Η
976 2876 1056 2931 missi
1075 2877 1109 2931 de
1129 2877 1268 2932 sideribus

162 2963 321 3035 (syderibus
333 2967 366 3034 Ρ)
379 2970 427 3018 ΔΡ
438 2972 452 3037 Η
466 2982 522 3020 non
533 2967 588 3021 nisi
601 2966 636 3019 de
651 2981 673 3020 e.
686 2969 783 3034 scripsi
803 2965 816 3037 Η
836 2965 1001 3036 permissum
1014 2968 1075 3019 erat
1086 2968 1117 3018 ut
1130 2964 1269 3020 sideribus

161 3053 326 3105 Setaohrret.
347 3051 362 3124 Η
382 3054 398 3108 7
416 3053 529 3124 phyrois
543 3059 633 3107 deleto
645 3054 698 3106 hri
721 3050 734 3123 Η
754 3052 849 3123 pyrois
868 3057 891 3104 Ρ
909 3051 923 3123 Η
943 3055 960 3108 8
979 3055 1091 3122 quartus
1110 3051 1195 3122 sydus
1215 3057 1238 3105 P
1256 3052 1269 3123 Η

160 3156 360 3229 BosphorusP
378 3157 392 3228 Η
412 3139 506 3214 airoA
528 3157 541 3230 Η
562 3177 628 3214 euro
641 3165 664 3212 P
681 3158 695 3231 Η
715 3174 825 3212 aureos
846 3156 858 3229 Η
878 3159 895 3213 9
914 3155 1060 3226 syderibus
1073 3162 1096 3209 P
1113 3155 1127 3230 Η
1146 3158 1269 3227 bospho-

160 3250 257 3299 rumP
275 3243 289 3315 Η
309 3247 343 3302 10
360 3261 412 3316 pes
432 3265 481 3300 oro.
495 3253 518 3300 P
537 3246 550 3318 Η
571 3252 656 3319 eaput
673 3252 696 3300 P
713 3243 727 3319 Η
747 3245 1004 3317 exapyoeranuitA
1025 3242 1043 3314 Η·
1058 3245 1113 3298 Est
1131 3248 1222 3298 eutem
1242 3246 1271 3297 et

161 3331 235 3387 filius
246 3332 374 3388 Aurorae
393 3337 422 3388 et
441 3333 566 3406 Cephali,
586 3352 667 3406 quem
685 3334 720 3388 ob
735 3349 856 3388 amorem
876 3349 911 3387 ex
929 3332 1010 3402 epioe
1023 3331 1150 3401 Hymetti
1168 3329 1270 3384 montis

160 3419 255 3492 rapuit
273 3421 436 3476 Sclaoboclr.
457 3421 471 3495 Η
492 3427 538 3478 est
548 3423 676 3477 Aurorae
690 3427 719 3477 et
732 3420 849 3492 Cephali
867 3419 939 3473 filius
950 3459 957 3473 .
970 3419 1005 3473 ob
1025 3434 1145 3472 amorem
1157 3416 1268 3486 Aphro-

161 3505 221 3561 dite
239 3509 333 3580 rapuit
351 3528 363 3562 s
383 3510 396 3582 Η
417 3512 450 3566 11
469 3511 548 3566 eaelo
567 3502 719 3564 honoratus
739 3513 761 3559 P
777 3507 792 3580 Η
811 3509 846 3563 12
863 3507 990 3576 utrisque
1010 3506 1051 3560 eis
1070 3504 1234 3575 partibusrl
1255 3499 1268 3571 Η

160 3594 287 3666 utrisque
302 3597 429 3667 pertibus
441 3604 464 3651 P
483 3597 496 3670 Η
515 3599 640 3668 utrisque
654 3597 715 3651 eius
727 3596 853 3668 partibus
867 3614 879 3648 ε
899 3594 912 3667 Η
932 3594 1090 3664 bosphoros
1103 3596 1126 3644 P
1144 3589 1157 3662 Η
1177 3592 1212 3646 13
1225 3605 1269 3659 sy-

161 3682 214 3737 dus
233 3688 256 3736 P
273 3682 286 3754 Η
308 3684 423 3739 stilboni
440 3689 559 3741 uocatur
576 3690 599 3739 P
617 3684 630 3755 Η
651 3689 717 3756 post
735 3683 811 3737 illum
830 3686 877 3734 ΑΡ
895 3681 908 3752 Η
928 3681 1058 3752 pusillum
1077 3696 1089 3730 ε
1109 3676 1123 3747 Η
1144 3677 1178 3732 14
1194 3677 1268 3731 Mer·

161 3771 254 3826 curius
274 3771 401 3843 (uoeetur
420 3772 541 3844 Stilbon)
567 3777 611 3827 est
635 3771 747 3842 quidem
764 3770 926 3842 pusillume
955 3766 968 3838 Η
998 3765 1167 3821 adtributum
1186 3768 1232 3816 ΑΡ
1255 3763 1267 3834 Η

161 3857 325 3913 adtribuunt
340 3864 437 3927 scripsi
458 3862 470 3932 Η
490 3861 535 3915 his
553 3866 576 3913 P
595 3859 608 3933 Η
628 3860 705 3932 prius
723 3864 771 3913 ΑΡ
794 3858 806 3929 Η
832 3857 936 3929 primus
955 3854 1117 3907 Soboridaod.
1138 3850 1151 3922 Η
1172 3851 1207 3906 15
1225 3867 1267 3904 or·

161 3945 226 3999 bem
245 3948 291 3998 ΑΡ
314 3946 328 4018 Η
353 3947 478 4002 ordinem
495 3953 592 4017 scripsi
618 3946 630 4020 Η
655 3949 690 4003 16
706 3957 767 4015 post
786 3961 872 4000 eausa
889 3945 992 4011 oltqoirl
1011 3943 1143 3994 reccidisse
1161 3942 1269 3991 uidetur

160 4038 198 4104 of.
218 4035 279 4089 Gai.
293 4039 391 4088 xum
406 4038 531 4103 Στίλβων
548 4036 580 4089 δὲ
598 4038 720 4089 καλεῖται
738 4035 784 4088 διὰ
806 4032 836 4088 ro'
862 4032 1020 4103 φαντασίαν
1038 4024 1166 4093 τοιαύτην
1184 4020 1269 4077 αὐτὸν

160 4126 338 4194 nescioquas
357 4126 461 4196 quidem
482 4125 671 4180 Cotoaterismi
688 4122 771 4177 aerbo
790 4123 904 4176 delendo
923 4120 1023 4172 cersuit
1042 4118 1160 4186 Heyoias
1179 4111 1193 4184 Η
