2948 5010
622 374 853 480 l-aoa-

192 589 277 650 certe
299 585 326 650 si
348 586 440 649 rubet
462 585 554 667 quasi
576 605 697 668 aurum,
721 590 833 648 uentos
855 584 1002 649 ostendit.
1025 583 1060 645 fit
1078 581 1165 647 enim
1182 589 1302 649 uentus

192 713 231 757 ex
253 693 339 758 aeris
360 693 527 760 densitate.
551 696 707 760 densitate
729 694 868 757 obducta
891 693 939 757 sol
962 698 993 756 et
1014 692 1090 755 luna
1112 693 1299 757 rubescunt.

190 803 265 865 item
291 803 319 867 si
347 823 466 869 cornua
494 805 562 869 eius
583 810 668 868 tecta
689 804 804 866 fuerint
826 802 958 885 nebula,
986 806 1161 883 tempestas
1190 801 1301 865 futura

192 915 249 974 est.
281 911 399 977 Aratus
421 920 526 977 autem
549 914 634 996 dicit,
658 913 686 978 si
700 913 896 993 aquilonium
917 931 1015 976 cornu
1037 911 1134 974 lunae
1158 914 1210 974 est
1225 930 1299 992 por·

161 1020 317 1103 sueonos,
334 1021 517 1102 aquilonem
537 1022 705 1099 inminere3
728 1022 806 1086 item
828 1024 854 1087 si
878 1041 975 1087 cornu
998 1019 1141 1084 australe
1157 1017 1199 1082 sit
1214 1037 1301 1082 erec-

190 1129 269 1207 tius,
297 1136 404 1194 notum
431 1130 594 1194 inminere.
629 1135 743 1212 quarta
764 1139 872 1198 autem
899 1133 976 1195 luna
1001 1129 1098 1193 index
1119 1127 1300 1192 futurarum

192 1238 369 1303 certissima
391 1238 526 1303 habetur
548 1260 707 1305 aurarum.
731 1244 815 1306 unde
838 1248 868 1307 et
890 1237 1043 1320 Virgilius

243 1346 292 1410 sin
315 1354 384 1411 ortu
407 1353 518 1428 quarto
542 1368 679 1433 namque
701 1352 728 1417 is
752 1352 947 1417 senissimus
971 1351 1089 1413 auctor.

194 1533 233 1586 ait
251 1533 309 1587 fore
329 1537 448 1588 Isidorus
469 1535 481 1606 Η
503 1538 517 1590 1
538 1541 677 1591 caeterum
696 1541 710 1590 d
731 1539 743 1610 Η
765 1542 829 1594 2et
848 1537 1028 1591 densitates
1048 1533 1060 1602 Η
1082 1532 1225 1586 densitate
1246 1550 1301 1601 qua

192 1619 306 1673 obducti
325 1622 339 1671 b
361 1620 373 1691 Η
393 1625 410 1678 3
427 1627 501 1678 tetra
513 1628 534 1691 t
555 1624 568 1694 Η
588 1625 723 1679 nebuloS
745 1625 758 1696 Η
778 1628 796 1681 4
813 1631 913 1680 Artatus
927 1632 986 1676 794.
1000 1631 1053 1673 795
1073 1619 1087 1691 Η
1109 1619 1254 1672 eorrexius
1274 1625 1298 1672 B

193 1704 207 1775 Η
232 1709 384 1762 correctius
405 1710 536 1765 (300¹le
561 1711 574 1782 Η
602 1702 794 1769 οοπόοϊυιηδ
819 1713 832 1783 Η
859 1709 1050 1783 porrectiust
1077 1708 1089 1776 Η
1120 1706 1298 1760 5imminere

193 1796 244 1846 GV
263 1792 276 1862 Η
301 1810 404 1848 cornua
424 1800 462 1849 Ga
481 1815 497 1851 a
516 1817 595 1851 erasa
617 1799 653 1852 Gt
679 1798 691 1869 Η
716 1801 864 1854 dnothum
883 1794 1017 1849 BG⁰G⁶V
1035 1795 1047 1864 Η
1074 1792 1217 1847 imminere
1237 1797 1263 1844 B
1283 1791 1298 1862 Η

192 1884 283 1933 autem
303 1881 411 1935 decima
434 1889 456 1935 V
480 1882 492 1954 Η
519 1885 670 1939 futurorum
691 1887 768 1940 Gadi
793 1888 805 1957 Η
832 1884 1051 1941 inertissimam
1071 1886 1095 1933 B
1117 1879 1130 1951 Η
1152 1879 1299 1947 Vergilius

193 1969 207 2018 t
228 1968 240 2036 Η
267 1974 365 2037 Vcrpil.
387 1975 483 2036 Georp.
502 1975 583 2022 1432
604 1969 615 2040 Η
636 1974 653 2027 8
671 1973 752 2026 hortu
774 1971 877 2027 BG⁶G⁶
899 1970 912 2041 Η
932 1972 975 2025 his
997 1968 1073 2023 (3⁶6⁶
1087 1978 1151 2021 note
1165 1986 1236 2019 corr.
1249 1970 1270 2018 S
1275 1964 1298 2037 Η

193 2055 348 2108 certissime
363 2055 451 2108 &¹0⁶¹
472 2054 484 2126 Η
506 2058 618 2111 LVNA
638 2078 693 2111 oraru
712 2066 824 2128 inrupisse
846 2054 932 2112 Galil.
951 2061 1072 2125 sequitur
1090 2063 1170 2121 caput
1191 2057 1223 2106 de
1242 2056 1298 2105 sole

192 2146 220 2193 in
233 2141 348 2208 BG⁰G⁶,
370 2153 423 2195 ireos
441 2155 500 2210 post
521 2149 661 2212 irnupt'nem
673 2151 746 2200 Solis
766 2158 791 2199 ot
810 2148 932 2214 subrutum
952 2147 983 2195 de
1003 2146 1096 2208 usitate,
1116 2160 1195 2209 quum
1208 2144 1298 2192 comui

192 2233 378 2281 coluslerismo
392 2233 502 2295 irrueret,
515 2232 714 2284 subscribuntur
724 2231 811 2287 GffGl':
824 2231 1010 2286 EXPLICIT
1024 2229 1142 2281 LIBER
1154 2228 1297 2282 AS'PRO·

191 2314 384 2368 LOGORVM
409 2312 422 2384 Η
448 2326 509 2382 post
529 2321 671 2384 tmapt'uem
689 2323 762 2372 Solis
782 2330 808 2373 et
828 2322 939 2373 socrdem
958 2319 1078 2385 {rutulum
1096 2320 1188 2368 alteru
1206 2333 1300 2369 nocuus

191 2405 277 2466 priori
296 2406 354 2469 fere
374 2406 495 2470 aequalis
513 2403 577 2454 tneo
597 2407 701 2456 addidit
721 2410 749 2458 ia
770 2409 807 2460 G:

341 2488 389 2539 Ad
407 2490 516 2541 Boreae
535 2493 630 2558 partes
650 2495 745 2545 arctoe
763 2496 907 2546 uertuntur
925 2495 954 2544 et
972 2490 1070 2558 anguis

342 2575 477 2643 posthae
497 2576 651 2644 aretofylax
669 2579 827 2649 pariterque
846 2594 951 2632 corona
970 2593 1096 2647 genuque

343 2662 491 2732 prolapsus
510 2662 568 2731 lyra
587 2663 648 2717 auis
667 2664 797 2735 Cepheus
818 2671 846 2719 et
865 2665 1020 2733 Cassiepea

343 2751 439 2818 amigo
457 2755 487 2804 et
504 2752 629 2804 Perseus
650 2751 777 2806 deltoton
796 2756 825 2806 et
842 2751 1041 2805 Andromedae
1061 2754 1166 2804 astrum

310 2854 322 2890 5
339 2839 468 2906 Pegasus
489 2843 518 2890 et
537 2838 651 2908 delphin
669 2839 810 2908 telumque
830 2840 925 2908 aquila
943 2839 1193 2908 anguitenensque.

343 2925 460 2992 signifer
478 2925 543 2978 inde
563 2926 661 2979 subest
679 2927 724 2978 bis
743 2943 793 2979 sex
812 2929 841 2979 et
860 2926 954 2980 sidera
972 2926 1113 2996 complent

342 3013 428 3065 hunc:
448 3012 521 3065 aries
540 3016 635 3065 taurus
654 3013 757 3079 gemini
776 3029 877 3066 cancer
895 3013 940 3066 leo
960 3015 1039 3081 uirgo

343 3099 414 3151 libra
433 3099 560 3167 scorpius
580 3099 758 3167 arquitenens
778 3099 957 3169 capricornus
978 3104 1006 3153 et
1024 3117 1119 3153 urnam

344 3188 391 3256 qui
409 3191 488 3240 tenet
506 3190 535 3238 et
553 3186 648 3255 pisces
659 3225 665 3237 .
676 3188 742 3255 post
761 3190 826 3238 sunt
844 3187 872 3239 in
891 3187 1017 3257 partibus
1038 3188 1124 3240 austri

299 3292 324 3326 ro
343 3274 428 3328 Orion
447 3288 569 3341 procyon
589 3271 669 3342 lepus
689 3272 789 3326 ardens
809 3273 898 3327 Sirius
918 3273 996 3342 Argo

343 3361 427 3430 ydrus
446 3359 548 3413 Chiron
567 3360 716 3413 turibulum
735 3377 846 3430 quoque
865 3361 953 3431 piscis
973 3364 1002 3413 et
1020 3361 1120 3429 ingens

343 3449 407 3500 hine
427 3448 552 3517 sequitur
569 3446 671 3516 pistrix
690 3446 771 3500 simul
789 3447 959 3517 Eridanique
978 3448 1089 3502 fluenta.

344 3535 498 3589 VERSVS
517 3533 719 3586 PrusclANr
733 3574 739 3586 .
754 3534 984 3600 SEQVEN'PES
1004 3536 1178 3591 ANONlllI

459 3632 521 3689 post
541 3624 652 3672 ueterum
672 3624 803 3673 lirreururn
823 3625 963 3676 luciterum:

301 3729 323 3764 15
344 3711 400 3765 Sed
418 3726 491 3778 uaga
508 3712 656 3778 praeterea
676 3706 803 3761 dicuntur
821 3709 924 3762 lumina
942 3715 1050 3781 septem

343 3797 408 3850 luna
426 3802 455 3849 et
473 3795 627 3849 Mercurius
646 3795 745 3848 Venus
765 3811 798 3848 ao
818 3796 861 3850 sol
878 3797 954 3850 Mars
973 3814 1082 3866 quoque
1101 3797 1219 3866 fulgens.

345 3885 408 3936 hinc
427 3885 502 3936 louis
522 3886 566 3936 est
585 3882 672 3946 sidus,
692 3898 776 3951 super
793 3883 847 3937 hoe
867 3884 998 3938 Saturnia
1017 3883 1107 3948 stella,

346 3972 448 4024 celsior
465 3971 508 4024 his
528 3968 636 4023 cunctis
657 3972 686 4020 et
703 3969 808 4023 tardior
828 3971 953 4024 omnibus
973 3971 1065 4023 astris.

230 4061 245 4113 1
264 4064 324 4112 arto
345 4058 479 4111 euertunt’
501 4059 524 4110 G
550 4056 563 4128 Η
591 4055 679 4108 arctoi
699 4060 842 4110 uertuntur
859 4061 1034 4124 Bridofortus
1053 4060 1240 4110 normiensis
1259 4077 1301 4124 op.

195 4150 298 4198 Bedmn
317 4148 444 4200 Venerat.
464 4149 523 4197 uide
543 4149 618 4212 infre
639 4143 652 4213 Η
672 4145 689 4197 2
708 4144 835 4197 ertefilax
855 4147 878 4196 θ
899 4142 949 4214 Η3
968 4142 1117 4211 cassiapea
1137 4144 1162 4196 G
1182 4142 1195 4214 ΙΙ
1215 4145 1234 4198 6
1252 4159 1303 4197 sex

194 4231 258 4286 hinc
277 4233 371 4287 sidera
389 4236 563 4299 Bridcfertos
591 4232 604 4302 Η
634 4233 651 4286 8
674 4230 747 4286 libra
771 4232 907 4303 scorpius]
932 4234 964 4282 de
984 4233 1071 4283 cocali
1089 4233 1118 4282 oi
1136 4234 1302 4300 sequentium
