2948 5010
554 431 781 474 -m-

112 576 230 642 nifesto
252 576 353 641 tenuit
375 575 562 643 falsarium?
591 580 668 643 mihi
683 585 789 644 autem
806 601 867 662 quo
883 581 938 646 ille
960 581 1031 647 loeo
1054 581 1223 647 habendus
1280 575 1282 578 ’

114 699 156 763 sit
177 717 217 761 ex
241 697 288 762 eis
311 716 394 779 quae
417 703 513 762 antea
540 696 773 781 disputauimus
799 697 937 772 iudicari
959 719 1055 782 posse
1074 701 1223 765 arbitror.

91 815 265 880 ‚Leidensi
291 815 407 881 librum
430 817 624 880 simillimum
653 814 820 881 adseruari
848 818 881 881 in
908 837 1018 882 museo
1041 819 1223 883 Britannico

114 913 164 999 me
187 933 295 999 doouit
322 932 372 997 W.
396 934 435 998 N.
461 935 503 999 du
525 934 614 999 Rieu.
637 935 732 1018 idem,
756 954 839 1016 quae
862 935 930 1000 eius
958 940 1007 1001 est
1027 934 1220 1020 humanitaa

113 1055 234 1119 Aratea
255 1051 374 1117 oodiois
391 1053 557 1119 Leidensio
573 1058 613 1124 61
638 1052 693 1138 (of.
710 1053 1146 1140 Bboheler.Petron.p.x111)
1171 1054 1224 1120 de·
1336 1069 1339 1074 “

115 1173 235 1254 seripta
262 1191 384 1236 meeum
414 1172 668 1263 eommunioeuit.
704 1192 786 1253 quae
815 1192 889 1255 euno¹
913 1171 958 1236 ed
980 1172 1122 1238 codicem
1143 1173 1223 1239 infe-

98 1289 207 1354 aerioris
229 1289 350 1354 ordinis
370 1290 553 1373 pertineant
575 1289 715 1371 neglexi.

200 1415 229 1477 6.
259 1410 357 1474 eodem
373 1410 588 1475 Eoiroidleooio
609 1435 639 1473 o.
656 1410 734 1486 388,
759 1409 1030 1488 membranaoeus‚
1053 1409 1139 1475 soliis
1157 1410 1220 1476 Ior-
1242 1423 1276 1484 Ε

113 1546 185 1591 mae
208 1526 514 1612 duodeoimplioatae
536 1530 587 1611 22,
612 1526 732 1591 saeculi
751 1527 798 1592 XI
820 1525 860 1592 of.
879 1528 978 1593 Orelli
991 1549 1023 1611 p.
1039 1517 1107 1598 1210.
1132 1530 1224 1594 eoho-

114 1645 166 1710 liio
189 1650 283 1711 earet.
494 1627 497 1632 ¹
595 1633 612 1725 J

200 1765 327 1830 Tertius
348 1763 426 1829 ordo
450 1764 594 1829 oodieum
617 1764 668 1831 hio
690 1770 738 1830 est

201 1891 229 1953 7.
263 1885 361 1950 eodem
382 1884 585 1973 Sirozzioooo
600 1885 716 1948 XLVI
735 1883 948 1950 bibliothecae
963 1885 1061 1967 Leop.
1077 1886 1219 1951 Lauren·
1247 1899 1273 1965 S

113 2005 223 2069 tianae
245 2001 449 2068 Florentinae
475 2000 526 2087 [os.
543 2001 681 2065 Bandini
703 2001 779 2067 bibl.
795 2003 894 2085 Leop.
911 2003 1008 2084 Laur.
1030 2008 1051 2067 l.
1067 2005 1097 2067 II
1112 2026 1143 2088 p.
1158 2009 1222 2074 384

113 2122 207 2209 sqql,
230 2122 500 2197 membranaceus,
525 2119 683 2200 quadrata
698 2119 803 2183 forma
821 2119 952 2202 minore,
976 2118 1062 2185 foliis
1078 2127 1128 2205 62,
1153 2142 1222 2187 sae·

114 2241 179 2305 ouli
200 2238 303 2304 XIIII.
333 2239 375 2303 ab
398 2237 528 2303 Hertzio
551 2238 708 2302 oonlotua.
738 2237 849 2320 inoipit
868 2236 955 2302 iol.I

157 2360 235 2424 Item
257 2383 368 2452 uersae
390 2357 429 2422 de
451 2380 535 2420 eaeo
556 2357 660 2420 solari
678 2380 732 2419 soa
755 2355 793 2419 de
814 2358 1016 2442 aequioribus
1036 2360 1189 2422 mensium

157 2479 224 2541 Nee
244 2489 355 2561 rolop
377 2477 493 2561 pirum.
517 2499 612 2560 quom
634 2473 732 2537 tradit
752 2475 894 2539 machine
918 2476 1041 2560 lympha
1063 2480 1178 2540 oetera.

116 2595 157 2660 de
180 2595 295 2678 quibua
317 2592 465 2658 uersibus
487 2591 589 2656 adeas
611 2590 803 2656 Bandinium
824 2591 845 2655 l.
861 2591 882 2655 l.
927 2591 1099 2673 aiilon.
1123 2593 1221 2658 conti·
1331 2576 1333 2580 ¹

114 2720 169 2779 net
188 2713 270 2780 haee

325 2833 419 2896 Verri
438 2830 522 2916 cpoli
542 2830 623 2891 oooi
642 2830 788 2892 aereolia

115 2953 218 3016 Linea
233 2951 304 3035 Xpe
326 2962 402 3013 tuoe.
422 2949 531 3034 primo
554 2951 572 3012 ἒ
592 2970 673 3033 qaae
690 2947 823 3011 continet
838 2970 938 3011 oorroo
959 2965 987 3010 e.
1004 2967 1034 3028 q.
1051 2966 1075 3010 a.
1092 2947 1223 3012 ultimus

115 3086 230 3134 uersus
250 3065 302 3131 hio
324 3070 373 3130 est

243 3198 373 3249 oetatem
395 3185 468 3248 luae
488 3196 640 3270 monstrat
661 3184 853 3247 oorri'soimoo
876 3182 961 3246 ordo·
1025 3186 1028 3192 ’

116 3302 261 3386 sequitur
281 3318 384 3383 usque
407 3298 449 3364 ad
469 3298 582 3363 folium
607 3304 646 3366 12
669 3318 819 3363 auersum
842 3300 942 3364 Arari
956 3323 1056 3384 penos
1086 3298 1141 3385 [ef.
1166 3302 1223 3366 Su-

115 3406 235 3506 ringar.
259 3440 365 3505 progr.
382 3418 560 3485 scholastio.
577 3418 727 3485 Leidens.
743 3437 772 3481 a.
793 3421 873 3486 1842
890 3437 920 3499 p.
934 3415 976 3502 9lr
1000 3417 1087 3497 quod
1108 3419 1223 3484 eadem

115 3539 185 3606 solii
205 3540 325 3624 pagina
347 3540 509 3623 excipiunt
527 3539 607 3602 haee

203 3661 237 3724 T.
262 3659 396 3725 Claudii
414 3659 555 3724 caesaris
579 3657 670 3721 orati
688 3656 897 3740 pherromeaia
920 3655 1037 3738 Incipit
1048 3652 1065 3723 i
1067 3654 1223 3739 feliciter.

116 3779 196 3842 Item
218 3778 256 3842 de
278 3780 340 3841 oeli
356 3781 510 3862 positione
533 3790 560 3841 et
583 3777 698 3860 quioq,·
720 3771 1034 3840 oz'realisimoodii.
1155 3851 1157 3855 .

118 3895 162 3960 ad
188 3895 364 3977 marginem
392 3913 507 3958 manus
535 3891 657 3958 saeculi
678 3891 740 3956 XV
761 3890 887 3954 notauit
911 3892 1030 3956 Iooeoi
1054 3892 1108 3977 qd'
1131 3895 1225 3958 boiae

118 4015 220 4079 libelli
246 4028 337 4080 autor
362 4014 435 4098 fait
466 4013 562 4078 Cesar
595 4013 806 4098 permooieoo.
853 4021 880 4072 ei
908 4009 1026 4073 dieitur
1062 4012 1225 4074 arolbeom
1274 4063 1275 4068 ,

118 4135 215 4197 eorin'.
238 4132 288 4196 his
312 4130 378 4195 alia
400 4147 515 4192 manus
538 4128 682 4208 aequalis
705 4125 829 4191 addidit
851 4128 936 4191 testie
951 4127 1139 4191 Lactantius
1154 4128 1226 4192 oir-

118 4252 246 4316 miaoos
259 4298 265 4314 .
279 4251 349 4314 LI.
361 4253 386 4315 1.
397 4262 487 4334 capto
500 4296 507 4311 .
521 4249 633 4312 XXV.
648 4251 685 4312 7.
699 4247 739 4312 ii.
755 4247 795 4310 V.
809 4233 841 4308 b.
855 4246 888 4309 V.
912 4243 961 4328 (id
972 4249 1030 4308 'osb
1050 4247 1196 4310 Laetant.
1211 4244 1227 4305 Ι

975 4363 993 4415 b
1006 4361 1024 4395 {-
