2948 5010
609 409 844 478 -167-

172 577 223 642 sol
244 577 435 662 ascenderit,
459 579 640 663 duplicatur
656 581 745 645 calor
766 578 867 663 ipsius
883 586 914 646 ot
928 581 1084 667 languore
1099 584 1320 664 afficiunturs

104 714 106 719 ·
171 707 305 769 corpora
326 688 477 752 bumana.
512 686 630 752 Sirium
644 688 735 753 illam
750 695 899 755 uocatam
915 697 1028 774 putant
1050 700 1178 779 propter
1191 694 1281 760 flam-

171 817 245 862 mae
268 797 449 874 candorem,
472 798 581 862 Latini
602 804 710 863 autem
732 798 823 863 illam
846 801 1024 865 caniculam
1046 809 1172 881 uocant,
1194 806 1281 870 unde

171 912 204 971 et
225 906 296 972 dies
318 906 516 972 caniculares
539 907 693 985 dicuntur,
717 909 802 990 quia,
825 911 873 974 sol
896 911 1050 992 quamdiu
1072 913 1105 977 in
1127 912 1199 996 ipsa
1221 919 1279 994 est,

170 1015 326 1100 pestifera
358 1020 415 1080 est.
454 1017 511 1081 sed
543 1038 602 1100 pro
631 1019 786 1101 qualitate
813 1018 1032 1084 adiacentium
1059 1027 1317 1108 commutatum

169 1144 246 1189 nam
269 1131 325 1189 aut
338 1126 475 1190 uincitur
489 1133 544 1192 aut
566 1129 723 1194 morbosis
739 1129 835 1193 utitur
849 1128 982 1194 uiribus.
1005 1130 1079 1196 binc
1102 1137 1157 1211 est,
1182 1133 1277 1213 quod,

170 1253 242 1298 cum
271 1240 356 1299 certo
385 1241 528 1320 tempore
555 1238 669 1320 oritur,
699 1258 765 1303 non
788 1257 914 1322 semper
936 1245 984 1304 est
1005 1240 1112 1304 noxia.
1148 1241 1278 1322 quidam

169 1362 247 1409 uero
272 1343 380 1408 dicunt
401 1363 474 1410 eam
489 1365 602 1411 canem
625 1346 734 1413 fuisse.
759 1368 853 1431 quom
868 1349 1020 1432 Europae
1043 1368 1115 1413 cum
1139 1349 1277 1417 dracone

169 1453 333 1518 custodem
349 1453 469 1518 datum.
494 1474 577 1536 quae
594 1461 706 1538 postea
721 1459 825 1523 Minos
846 1463 982 1540 utraque
1004 1459 1138 1542 accepit.
1161 1461 1275 1525 eadem

169 1567 282 1645 postea
315 1564 356 1627 ob
386 1562 565 1629 medicinae
602 1585 733 1630 oausam
759 1568 905 1632 Procridi
930 1569 964 1632 in
993 1588 1124 1634 munere
1157 1569 1276 1655 datam,
1291 1593 1315 1632 ro

169 1691 254 1752 quae
287 1678 400 1755 postea
432 1674 593 1758 Cephalus
625 1682 762 1757 utraque
795 1677 987 1760 possederit,
1022 1677 1072 1741 uir
1104 1678 1276 1745 Procridis.

254 1840 356 1908 Sirius
379 1843 474 1909 stella
498 1847 600 1910 estin
623 1847 730 1912 medio
754 1854 861 1912 centro
884 1847 980 1931 caeli,
1011 1847 1055 1912 ad
1080 1868 1176 1931 quam
1204 1860 1314 1924 cuma

168 1952 217 2016 sol
241 1953 423 2019 ascenderit
444 1955 626 2039 duplicatur
642 1956 731 2021 calor
746 1956 848 2040 ipsius
870 1961 901 2019 et
923 1956 1079 2038 languore
1094 1956 1277 2023 afficiuntur

168 2083 311 2147 corpora.
345 2062 461 2129 Sirium
484 2069 590 2129 autem
613 2064 703 2129 illam
725 2073 874 2131 uocatam
890 2072 1011 2148 putant,
1034 2073 1164 2150 propter
1186 2065 1276 2132 flam-

166 2192 240 2238 mae
263 2172 445 2251 candorem,
467 2172 573 2237 Latini
596 2180 703 2240 autern
725 2176 814 2240 illam
838 2174 1018 2239 caniculam
1041 2181 1166 2259 uocant,
1190 2177 1314 2243 undem

167 2283 237 2348 dies
259 2282 460 2347 caniculares
484 2281 641 2347 dicuntur.
675 2283 805 2367 quidam
832 2303 909 2348 uero
938 2283 1105 2365 gentilium
1128 2284 1275 2349 fabulose

167 2391 289 2469 dicunt,
313 2410 383 2455 earn
407 2410 520 2456 canem
542 2390 644 2458 fuisse
668 2399 700 2458 et
721 2394 872 2477 Europae
894 2413 966 2458 oum
989 2390 1129 2458 dracone
1151 2392 1185 2455 in
1207 2412 1275 2458 cus-

165 2500 274 2566 todem
290 2501 399 2564 datum
423 2506 455 2565 et
476 2501 589 2567 alone
603 2503 685 2567 inter
707 2509 794 2569 astra
817 2504 1026 2568 conlocatum.
1051 2501 1182 2585 quidam
1196 2522 1275 2567 uero

166 2609 285 2692 dicunt,
313 2609 396 2674 bunc
424 2630 535 2675 canem
559 2611 685 2678 Orionis
712 2613 812 2679 fuisse
841 2619 873 2679 et
900 2632 971 2677 cum
998 2631 1036 2676 eo
1058 2611 1092 2675 in
1113 2611 1275 2677 montibus

165 2718 369 2785 uenationem
392 2721 573 2786 exercuisse
602 2728 632 2785 et
657 2743 716 2806 per
738 2721 973 2788 adsumtionem
996 2720 1124 2785 Orionis
1145 2720 1179 2783 in
1202 2740 1313 2791 cae-20

164 2828 229 2892 lum
252 2827 337 2893 hunc
359 2849 487 2911 quoque
509 2829 711 2914 adsumptum
734 2830 844 2896 fuisse.
868 2829 966 2894 habet
981 2835 1087 2895 autem
1109 2830 1220 2895 stellas
1241 2831 1275 2895 in

163 2937 276 3019 lingua
297 2957 405 3017 unam,
429 2959 525 3021 quam
541 2938 657 3004 Sirium
680 2945 711 3006 et
733 2959 845 3004 canem
867 2944 994 3018 uocant,
1017 2958 1136 3023 magna
1158 2939 1275 3023 quippe

165 3053 213 3113 est
236 3054 267 3113 et
289 3047 468 3131 splendida.

198 3220 346 3289 llangore
371 3225 393 3272 V
416 3218 430 3290 Η
456 3220 648 3274 effitiunturs
672 3219 686 3292 Η
711 3223 729 3277 2
748 3222 856 3291 Syrium
875 3226 968 3277 antem
992 3225 1014 3273 V
1037 3218 1051 3291 Η
1075 3221 1178 3292 4quia
1197 3225 1311 3293 quodS

164 3310 328 3378 quantums
348 3305 363 3378 Η
382 3308 591 3377 quiaquantum
611 3314 633 3362 V
652 3309 664 3379 Η
686 3309 752 3378 quia
764 3308 887 3376 quandiu
901 3309 977 3364 Solt
999 3306 1012 3377 Η
1033 3308 1098 3377 qnia
1116 3310 1160 3363 sol
1179 3327 1273 3379 qnam·

163 3393 210 3448 diu
229 3399 325 3461 scripsi
346 3392 360 3464 Η
380 3395 588 3450 badiaeentum
607 3400 629 3448 V
647 3393 661 3464 Η
682 3396 829 3449 timorosis
844 3401 893 3450 SV
912 3393 925 3466 Η
945 3395 1085 3450 morbosis
1104 3397 1118 3446 b
1139 3394 1152 3464 Η
1172 3398 1274 3452 utimur

162 3485 183 3534 S
204 3480 217 3553 Η
237 3483 254 3537 8
273 3497 334 3534 eam
353 3501 401 3534 om.
421 3488 443 3536 V
461 3481 475 3553 Η
496 3499 549 3553 que
568 3485 617 3534 SV
635 3481 648 3554 Η
669 3498 750 3551 quem
769 3486 866 3548 scripsi
887 3482 900 3553 Η
921 3486 937 3538 9
957 3488 1053 3537 custos
1073 3480 1139 3534 data
1157 3485 1201 3535 est
1218 3488 1240 3534 V
1258 3483 1273 3555 Η

161 3584 233 3656 ut’q3
252 3590 273 3638 S
293 3584 307 3656 Η
329 3602 363 3639 ea
386 3591 408 3640 V
426 3585 441 3657 Η
461 3587 496 3642 10
513 3585 651 3639 Procride
670 3590 691 3638 S
713 3584 726 3657 Η
748 3587 814 3640 data
837 3592 859 3641 V
877 3586 892 3658 Η
918 3589 952 3642 11
971 3591 1086 3657 uterque
1105 3591 1127 3639 S
1147 3584 1160 3658 Η
1186 3563 1272 3658 nique

167 3676 190 3723 V
206 3670 229 3742 Η.
241 3672 374 3743 possedit
396 3678 418 3727 V
436 3671 450 3742 Η

197 3778 231 3831 12
251 3777 340 3831 Sirius
361 3781 450 3829 alteru
469 3776 478 3829 i
497 3781 681 3845 superscripto
697 3776 733 3830 Gi
754 3777 766 3848 Η
788 3778 961 3833 Sirius-et
979 3794 1029 3847 per
1048 3776 1144 3831 adsum
1163 3779 1311 3846 scripsitG

166 3861 216 3917 6⁶²
236 3862 249 3933 Η
269 3867 303 3920 13
316 3864 431 3932 langore
447 3866 469 3917 G
490 3863 503 3934 Η
524 3866 559 3919 14
571 3866 646 3935 syrin
660 3868 683 3918 0
697 3884 765 3922 corr.
779 3884 814 3918 ea
827 3864 928 3934 syriam
944 3862 993 3918 ΟΜ
1007 3863 1020 3936 Η
1036 3866 1069 3920 15
1080 3865 1154 3919 unde
1168 3869 1197 3920 et
1210 3866 1271 3922 dies

163 3949 242 4005 (100ὁ
264 3948 276 4021 Η
297 3950 559 4006 16111011111111111Η
584 3951 596 4022 Η
625 3954 660 4008 20
679 3953 865 4007 uenenatione
887 3950 977 4005 (VGM
1001 3952 1014 4022 Η
1041 3952 1190 4008 adsitione
1212 3956 1235 4008 d
1256 3953 1269 4024 Η

160 4037 356 4108 adsumptione
373 4037 464 4090 G⁶G⁶²
483 4039 530 4089 buc
550 4044 637 4091 aredio
658 4057 719 4092 uoce
739 4045 827 4107 perpit
849 4039 897 4093 GM
918 4037 931 4109 Η
952 4039 987 4093 22
1005 4039 1100 4109 lingui
1120 4043 1143 4094 G
1163 4040 1177 4112 Η
1197 4041 1272 4110 syrit‘l

162 4126 187 4178 d
207 4123 221 4196 Η
239 4141 340 4194 magna
359 4123 471 4196 quidem
486 4125 563 4180 6⁶6⁶
585 4126 598 4200 Η
618 4129 653 4186 23
666 4125 808 4200 splendidi
823 4125 872 4181 GM
893 4125 906 4198 Η
927 4125 1044 4182 CANIS
1064 4131 1171 4181 adiecto
1183 4129 1271 4196 liparo

159 4212 362 4267 subscribuntur
381 4230 470 4266 omnes
491 4210 506 4284 Η
