2948 5010
728 453 964 497 ...xxx-

295 605 395 670 libros
421 604 455 667 in
482 604 592 686 primis
619 607 669 692 Ep
702 604 897 671 adhiberem.
936 603 970 666 in
1002 601 1132 668 scholiis
1159 599 1401 667 Basileensihus

293 723 447 787 lectiones
475 720 619 787 codicum
648 724 712 787 ΑΡ
736 723 886 804 religiose
916 722 1055 805 notaui,
1068 721 1131 786 uisi
1158 718 1246 803 quod
1272 738 1403 784 concre-

293 841 436 924 pantium
451 858 655 903 numerorum
670 842 778 905 uarias
793 841 965 923 scripturas
980 839 1190 921 negleximus.
1207 857 1402 920 quamquam

291 958 326 1022 in
348 958 580 1023 recentioribus
604 956 735 1024 scholiis
757 959 891 1024 liberius
913 959 983 1044 egi,
1006 960 1112 1023 tamen
1134 977 1176 1023 ne
1199 956 1328 1021 nimiam
1350 975 1403 1020 co-

293 1077 380 1159 piam
396 1076 622 1159 scripturarum
640 1078 843 1159 praebuerim
858 1097 982 1143 uereor.
1005 1075 1266 1160 orthographiam
1282 1073 1402 1140 codicis

294 1197 326 1261 A
348 1200 389 1273 et,
413 1215 484 1260 cum
505 1193 560 1259 ille
582 1188 769 1274 intermittit,
794 1195 914 1261 codicis
929 1199 961 1261 B
975 1202 1101 1261 secutus
1117 1216 1187 1261 sum
1201 1195 1235 1259 in
1249 1192 1400 1273 carmine,

295 1311 489 1377 scholiorum
504 1311 767 1398 orthographiam
789 1313 1018 1380 moderandam
1041 1334 1112 1380 esse
1127 1313 1239 1398 putaui
1255 1331 1295 1378 ex
1310 1310 1401 1376 libris

295 1431 472 1496 Basileensi
495 1429 680 1498 Stronniano
702 1431 980 1517 Sangermanensi.

379 1548 503 1626 Quibus
518 1548 559 1614 de
582 1551 688 1616 causis
708 1572 739 1616 u.
762 1551 885 1616 Phaen.
909 1555 1078 1630 531÷569
1101 1551 1192 1616 uncis
1204 1547 1402 1614 includenda

295 1671 326 1732 et
353 1667 632 1752 Prognosticorum
665 1668 847 1752 fragmento
877 1670 980 1754 primo
1011 1669 1183 1735 inserenda
1208 1658 1400 1744 censuerim,

294 1785 357 1848 iam
387 1791 482 1851 antea
504 1808 535 1871 p.
550 1811 585 1850 ιιι
607 1787 776 1872 explicaui.
810 1788 992 1872 fragmenta
1013 1790 1086 1874 ipsa
1112 1788 1159 1852 ita
1181 1784 1338 1869 disposui,
1366 1787 1402 1848 ut

296 1922 367 1968 eum
391 1904 534 1970 ordinem
558 1927 721 1989 sequerer,
745 1928 840 1989 quem
863 1913 1084 1990 argumentum
1107 1926 1215 1970 eorum
1238 1903 1400 1988 postulare

294 2010 431 2086 uidetur.
454 2045 528 2089 nam
545 2045 585 2091 ex
595 2027 728 2092 secundi
739 2026 910 2112 fragmenti
925 2026 987 2092 fine
1004 2026 1046 2112 [u.
1062 2031 1103 2093 23
1119 2023 1201 2119 sqq.]
1218 2023 1281 2088 hoc
1294 1997 1420 2107 ipsum*

295 2164 315 2207 a
340 2141 434 2208 tertio
463 2148 628 2226 exceptum
650 2144 750 2211 fuisse
772 2149 912 2231 apparet.
947 2144 1087 2211 secundo
1112 2148 1218 2207 autem
1241 2141 1322 2205 illud
1343 2159 1400 2204 an-

294 2264 392 2328 teisse
416 2261 568 2347 suspicor,
593 2262 680 2344 quod
693 2263 730 2326 in·
741 2264 844 2348 primo
866 2265 936 2329 loco
959 2263 1061 2346 posui.
1086 2261 1203 2328 etenim
1218 2280 1289 2324 cum
1303 2263 1401 2342 poeta

292 2382 326 2445 in
348 2381 409 2445 hoc
424 2380 564 2444 carmine
587 2381 825 2446 coniunctiones
847 2383 1050 2466 planetarum
1065 2401 1137 2446 cum
1152 2378 1320 2444 duodecim
1335 2377 1401 2458 sig-

294 2498 345 2562 nis
365 2498 564 2574 tractauerit,
594 2498 696 2581 primo
726 2518 799 2564 eum
826 2499 866 2564 de
889 2499 1020 2565 zodiaco
1043 2499 1114 2583 ipso
1136 2498 1244 2583 egisse
1267 2496 1336 2562 ueri
1358 2495 1401 2559 si-

226 2616 229 2622 '
298 2614 372 2680 mile
395 2620 452 2680 est

150 2709 152 2711 .
247 2735 249 2740 '
281 2759 284 2762 ⁴
379 2732 509 2798 Scholia
530 2734 576 2833 ita
599 2734 728 2819 digessi,
751 2741 787 2800 ut
800 2736 999 2802 Basileensia
1014 2756 1158 2802 seorsum
1176 2732 1399 2800 exhibeantur.

294 2852 478 2920 Stronziana
493 2858 598 2918 autem
614 2858 645 2918 et
660 2853 953 2939 Sangermanensia
973 2844 1064 2920 libris
1085 2855 1139 2921 sd
1161 2853 1194 2917 in
1216 2851 1401 2916 uniuersum

295 2972 564 3054 concrepantibus
577 2973 611 3036 in
626 2992 723 3036 unum
739 2973 853 3058 redegi
868 2973 909 3061 [p.
925 2977 1102 3049 tos—107,
1115 2975 1164 3038 13.
1179 2975 1249 3046 193,
1261 2973 1399 3046 5-202,

294 3087 336 3175 Sl,
353 3094 387 3152 at
401 3089 456 3154 ubi
467 3090 594 3156 codices
604 3110 736 3173 prorsus
750 3091 833 3161 inter
845 3110 880 3158 se
892 3090 1128 3173 discrepabant,
1145 3091 1201 3152 aut
1212 3087 1400 3151 Strozniana

293 3226 358 3270 nna
373 3226 445 3271 cum
460 3206 792 3290 Sangermanensibus
815 3210 993 3287 coniuncta,
1016 3206 1140 3273 sedita
1161 3211 1197 3269 ut
1218 3204 1321 3288 spatio
1344 3224 1399 3270 ua·

293 3345 353 3389 cuo
377 3330 409 3390 et
430 3325 456 3392 S
476 3326 505 3391 d
526 3326 639 3392 litteris
660 3328 796 3413 margini
817 3327 972 3411 adpositis
987 3327 1242 3403 discernerentur
1267 3323 1308 3410 [p.
1328 3329 1397 3409 112,

292 3449 438 3524 4-182,
454 3444 508 3531 8l,
536 3450 590 3509 aut
615 3465 759 3511 seorsum
782 3447 967 3511 Stronziana
991 3444 1397 3531 [107‚14--112‚3.182,

293 3568 429 3648 9-193,
445 3569 476 3631 4.
499 3563 680 3650 203-220]
704 3571 800 3649 atquc
822 3565 898 3630 item
920 3561 1214 3644 Sangermanensia
1237 3561 1281 3649 [p.
1292 3566 1399 3629 221⁸-

293 3681 582 3777 232lexcudenda
605 3683 725 3749 curaui.
749 3681 1044 3765 postremo-addidi
1066 3679 1189 3746 scholia
1210 3682 1397 3748 Bemeusia.

304 3823 307 3829 ·
378 3801 428 3865 De
443 3800 636 3866 editionibus
651 3801 850 3884 Arateomm,
874 3818 955 3894 quas
976 3798 1123 3879 equidem
1144 3798 1288 3878 uiderim,
1310 3807 1399 3867 recte

293 3916 429 3984 Orellius
453 3917 496 4005 [p.
511 3923 571 3987 149
584 3917 644 4005 sq'.]
667 3919 829 3984 iudicauit.
853 3917 948 3982 etiam
970 3916 1065 3981 hodie
1086 3917 1169 3984 inter
1190 3936 1300 3982 omnes
1323 3919 1397 3984 emi-

292 4043 346 4102 net
368 4013 465 4104 editio
489 4037 665 4120 Gratiana,
696 4056 778 4118 quac
808 4056 892 4123 anno
918 4041 999 4106 1600
1024 4035 1171 4119 Lugduni
1199 4034 1396 4100 Batauorum

291 4157 325 4220 in
346 4158 449 4221 lucem
476 4156 603 4240 prodiit.
637 4174 678 4220 ea
706 4174 832 4237 semper
854 4156 914 4219 en't
935 4155 1137 4240 splendidum
1158 4161 1397 4219 monumentum

292 4273 406 4339 summi
420 4274 543 4354 ingenii
558 4279 655 4356 atque
669 4273 887 4358 amplissimae
897 4273 1072 4340 doctrinae.
1094 4271 1120 4335 l.
1132 4270 1167 4336 0.
1175 4272 1395 4358 schwartzius,
