2948 5010
622 440 837 486 ...xx-

177 601 228 680 21,
240 600 281 665 28
305 600 336 659 et
355 593 463 672 V5,4
482 593 659 678 Buenem.).
694 599 843 658 secuntur
870 593 993 658 scholia
1014 594 1121 660 Ceium
1144 595 1282 680 qumque

176 717 292 781 circuli
311 716 487 801 dietinpunt
514 733 597 794 quae
624 713 670 777 ita
691 712 842 777 finiuntur
868 737 1056 778 communem
1079 715 1189 778 tabent
1210 714 1281 776 stei-

177 837 251 898 ium.
280 831 398 896 deinde
426 831 482 897 fol.
501 836 541 899 14
556 829 630 895 adu.
654 831 733 896 haee
765 832 805 894 In
832 831 941 895 ultimo
969 833 1087 898 circulo
1114 845 1142 896 et
1166 832 1286 895 maiori

175 955 253 1038 *qui
263 955 326 1018 *eet
340 953 497 1016 *euterius
511 951 822 1036 *conprehendantur
843 952 880 1014 12
896 952 990 1037 eipnc
1005 951 1177 1036 *equaliter
1198 933 1280 1012 min-

175 1085 283 1136 euruta
304 1070 459 1156 prodibus
472 1069 673 1153 firmamenti
693 1071 768 1154 *per
791 1073 905 1153 *quum
925 1095 1105 1135 mensnram
1127 1092 1200 1134 uere
1222 1070 1280 1132 cci-

176 1203 227 1254 tur
250 1189 330 1274 quid
350 1188 388 1252 de
400 1187 602 1271 firmamento
631 1200 711 1251 tenet
736 1189 862 1274 sipnum
890 1201 917 1252 et
944 1191 1001 1284 ubi
1026 1192 1068 1253 cit
1095 1189 1185 1253 stelio
1202 1189 1280 1273 fluo

176 1280 229 1372 *in
254 1309 344 1391 eiquo
372 1319 400 1371 et
422 1308 473 1370 *in
496 1309 604 1391 *porte
627 1306 695 1369 oeli.
730 1304 829 1368 uerba
852 1304 1015 1372 asteriscis
1040 1311 1152 1371 notata
1172 1305 1206 1368 in
1229 1325 1280 1368 <30-

167 1424 245 1513 ,ᾱίοθ
268 1423 414 1489 breuiata
437 1429 519 1488 sunt.
554 1429 620 1488 tum
646 1423 779 1505 praebet
805 1443 948 1507 carmen,
980 1423 1032 1487 oui
1056 1425 1177 1488 inserta
1206 1428 1280 1488 sunt

173 1542 306 1607 scholia.
328 1530 421 1607 'inter
443 1542 587 1608 fabulam
602 1545 717 1633 ‘autem
741 1541 782 1605 de
803 1560 889 1607 neue
912 1547 943 1608 et
963 1561 1092 1606 uersum
1114 1547 1178 1611 359.
1199 1541 1280 1607 Ger-

173 1661 290 1725 manici
311 1662 394 1727 haec
416 1663 566 1743 leguntur
597 1661 737 1739 Quedum
762 1663 874 1746 repino
893 1675 1044 1747 occupato
1067 1685 1187 1746 puerru
1208 1685 1277 1725 suo-

172 1805 242 1844 rum
265 1783 464 1847 inimicorum
489 1781 626 1868 quodam
650 1782 718 1844 uice
740 1780 805 1844 ibut
820 1780 865 1843 od
885 1781 1047 1844 castellum
1069 1803 1159 1843 cuum
1182 1793 1210 1843 et
1231 1782 1277 1843 in-

173 1901 301 1963 ueniens
323 1901 414 1963 iuuto
433 1900 598 1984 fossatum
620 1924 732 1985 equum
752 1913 907 1963 mortuum
930 1912 1112 1963 oonsumoto
1134 1924 1228 1964 corne
1251 1913 1278 1964 et

171 2018 292 2080 uocibus
314 2017 435 2080 *edituo
463 2019 616 2082 stantibus
639 2020 747 2104 uiqore
768 2018 964 2080 *neruorum
999 2017 1084 2081 etr‘nn
1104 2018 1277 2081 *consotiic

141 2224 144 2229 Ι
171 2133 270 2218 *quid
290 2147 334 2197 eet
356 2133 400 2197 id.
422 2138 513 2199 *tuno
535 2137 590 2200 iiii
605 2137 773 2201 *diuerunt
789 2136 821 2198 ei
833 2133 979 2198 *domino
1000 2159 1071 2199 osea
1091 2137 1186 2199 unius
1205 2137 1281 2220 equi

169 2254 288 2316 mortui
308 2266 335 2316 et
357 2266 445 2316 stans
463 2256 592 2338 putauit
613 2255 693 2319 ueiie
712 2255 795 2339 fleri
812 2252 1069 2332 *instrumentum
1092 2254 1154 2317 tude
1175 2252 1279 2337 *quod

164 2384 272 2455 poscet
293 2373 340 2436 ire
355 2373 436 2456 *per
458 2394 583 2454 aquom.
612 2372 692 2436 hunc
715 2373 883 2455 arcionum
905 2372 1068 2450 rationem.
1095 2372 1198 2434 *siem
1219 2373 1276 2435 iste

170 2513 245 2573 equo
267 2490 335 2553 ibat
357 2489 438 2573 *per
461 2501 577 2553 terram
600 2492 695 2554 uiuus
717 2491 763 2554 cic
787 2501 888 2574 potest
914 2489 1030 2554 cumdio
1051 2489 1108 2553 iiii
1125 2490 1173 2552 ire
1194 2491 1276 2573 *per

169 2629 285 2689 uquam
309 2618 336 2669 et
357 2620 466 2670 uocato
490 2605 688 2673 doiobrotore
714 2609 855 2672 *nomine
883 2631 961 2694 orpo
989 2607 1072 2673 dt'ceit
1100 2610 1133 2672 ei
1157 2609 1274 2693 *mapi-

169 2735 240 2786 cter.
276 2723 324 2788 Ite
346 2724 392 2787 od
412 2725 504 2790 toiem
529 2750 642 2811 equum
665 2739 692 2790 et
713 2728 905 2790 intueamini
923 2727 996 2789 bene
1019 2726 1106 2790 *eum
1128 2728 1175 2790 *et
1196 2727 1274 2789 *sio-

168 2854 202 2903 ut
227 2842 282 2906 ille
310 2855 354 2906 cet
382 2843 428 2905 ito
451 2856 531 2926 puto
561 2856 589 2908 te
619 2846 807 2928 *conponere
834 2846 1092 2908 *instrumentum
1120 2842 1158 2907 de
1189 2844 1273 2929 iipno

167 2981 228 3040 quo
250 2959 375 3021 ualeam
403 2960 451 3022 ire
479 2961 592 3044 *cuper
620 2961 719 3025 hostes
746 2987 830 3027 meos
857 2965 932 3047 *per
959 2985 1084 3044 uquam.
1117 2960 1179 3025 Itte
1201 2985 1274 3026 uere

168 3075 228 3136 init
250 3088 278 3138 et
301 3076 374 3140 bene
396 3079 557 3161 conspexit
578 3102 725 3142 reuersus
747 3079 792 3143 od
816 3079 995 3143 *dominum
1017 3078 1102 3142 discit
1128 3077 1274 3142 *domino

167 3192 240 3255 bene
268 3193 450 3279 imapinoui
475 3196 522 3259 *et
543 3197 617 3260 bene
634 3196 767 3281 fotium.
801 3196 899 3288 Aliud
927 3196 1086 3262 emblema
1113 3194 1274 3259 inuenitur

166 3312 241 3371 ante
264 3308 409 3374 scholion
432 3312 578 3376 Martiani
603 3310 678 3398 [uid.
694 3311 803 3377 adnot.
820 3314 864 3378 ad
878 3334 953 3399 pag.
968 3319 1037 3391 188,
1050 3312 1115 3399 20].
1148 3319 1195 3376 est
1217 3334 1273 3377 au-

164 3431 233 3491 tem·
250 3428 326 3492 hoc:
350 3429 426 3495 Oum
449 3434 507 3495 icti
525 3432 688 3498 duodecim
710 3456 829 3497 menses
844 3447 944 3498 essent
962 3435 997 3498 in
1012 3445 1110 3519 proto
1125 3445 1153 3496 et
1169 3427 1271 3517 ioque-

163 3561 272 3611 rentur
299 3548 345 3612 ud
370 3551 505 3614 inuicem
532 3552 618 3615 uenit
645 3550 793 3637 quedam·
826 3544 862 3634 in.
897 3554 997 3637 ipitur
1024 3573 1094 3614 eum
1124 3552 1272 3616 nuberent

163 3666 266 3750 ionem
289 3668 324 3731 in
346 3666 446 3732 medie
467 3670 528 3733 sui.
552 3682 580 3733 et
601 3671 683 3733 inter
709 3673 815 3736 omnio
837 3671 920 3734 diuit
941 3670 1004 3733 Ian
1026 3658 1053 3752 ᾧ
1077 3668 1163 3747 ¹Quid
1182 3668 1270 3732 uide-

163 3794 214 3844 tur
238 3784 297 3847 n‘tt
317 3784 354 3848 de
377 3809 480 3850 mense
502 3783 565 3850 Iun
585 3787 747 3872 respondit
766 3788 817 3852 iric
838 3787 944 3851 dicens
963 3788 1066 3852 molus
1088 3786 1203 3850 mencio
1225 3798 1270 3849 est

163 3913 191 3964 et
214 3900 350 3966 tediosus
374 3917 401 3967 et
424 3917 525 3968 cetero
548 3917 576 3969 et
597 3906 643 3968 sic
662 3929 721 3989 per
744 3904 885 3968 ordinem
900 3904 984 3969 dicit
1005 3906 1124 3970 molum
1146 3901 1184 3966 de
1207 3927 1267 3966 om-

161 4019 254 4082 nibus
276 4033 304 4082 et
326 4022 372 4084 uio
394 3996 478 4085 ntttt
498 4021 651 4085 dederunt
673 4024 710 4086 ei.
739 4035 852 4108 postea
874 4027 959 4088 uenit
987 4023 1121 4087 murte'us
1149 4022 1206 4084 huo
1229 4021 1267 4084 de

161 4158 258 4198 ouuou
287 4139 343 4201 cui
366 4139 451 4202 discit
479 4140 591 4202 bonum
618 4139 656 4204 de
684 4141 826 4204 omnibus
849 4155 878 4205 et
903 4143 949 4206 sic
972 4139 1139 4204 laudantes
1161 4142 1265 4204 uirum

32 4251 37 4267 ¹
135 4330 137 4337 Ι
156 4250 303 4334 fecerunt
325 4255 358 4319 ei
376 4255 521 4320 tannen
544 4268 682 4322 eteeteru.
