2948 5010
634 385 868 457 -198-

194 557 300 634 fluam,
323 554 418 619 aliam
440 573 518 618 uero
541 552 710 618 obscuram
731 558 763 618 et
777 552 931 636 paulatim
947 572 981 617 se
996 552 1150 618 ucrtcndo
1167 550 1316 619 diuersas

197 665 316 730 formas
339 662 473 728 efficere.
498 650 554 726 alii
578 667 708 727 econtra
731 662 827 740 aiunt,
849 661 957 724 lunam
979 662 1111 743 globum
1139 682 1234 727 suum
1257 661 1314 726 ha-

196 774 283 851 bere,
304 773 363 838 sed
384 773 491 854 ignem
516 792 537 835 a
561 772 629 837 sole
652 772 825 855 concipere
848 775 879 833 ct
901 776 1054 852 quantum
1070 770 1246 854 percutitur
1268 791 1315 835 ar-

198 881 341 947 descere.
370 885 522 962 quantum
546 880 642 961 igitur
666 901 687 945 a
710 881 781 945 sole
805 877 950 956 discedit,
973 885 1123 960 angeium
1147 900 1221 945 cum
1235 899 1315 946 uero

160 1015 172 1052 s
199 996 310 1056 contra
338 989 473 1068 steterit,
501 995 566 1053 toto
595 989 706 1054 feritur
733 987 870 1054 aduerso
894 992 925 1052 ct
946 984 1035 1052 uelut
1061 990 1227 1073 speculum
1250 1009 1315 1053 non

198 1101 280 1179 uim,
307 1100 365 1164 sed
386 1098 559 1182 imaginem
581 1096 694 1160 reddit.
732 1096 816 1161 unde
839 1095 996 1161 defectum
1020 1097 1152 1182 patitur,
1182 1098 1211 1162 si
1231 1097 1315 1163 inter

197 1211 301 1291 ipsam
324 1215 355 1273 et
377 1209 477 1273 solem
500 1207 614 1270 umbra
628 1211 733 1271 terrae
749 1205 947 1270 interueniat.
971 1203 1032 1269 hac
1055 1206 1139 1270 enim
1161 1205 1315 1271 uniuersa

200 1317 364 1400 gignentia
388 1321 550 1382 crescente
566 1315 753 1398 pubescunt,
777 1319 980 1379 tenuescente
994 1320 1176 1379 tenuantur.
1200 1315 1315 1380 humor

201 1425 298 1490 etiam
323 1431 355 1489 et
377 1426 506 1508 spiritus
530 1424 633 1488 omnis
656 1425 810 1506 augescit,
833 1410 978 1489 tumescit
999 1443 1147 1504 oceanus,
1172 1423 1314 1506 denique
1383 1476 1386 1480 .

165 1557 190 1595 ιο
203 1554 273 1599 cum
296 1534 396 1618 ipsius
418 1533 543 1616 fulgore
567 1533 713 1597 considit.
738 1533 855 1598 diuersi
877 1553 955 1615 ergo
978 1533 1059 1598 caeli
1079 1539 1110 1598 et
1126 1534 1314 1615 uagantium

203 1643 367 1708 stellarum
383 1663 477 1708 cursu
494 1643 597 1725 quod†
614 1647 807 1724 temperatur
829 1641 987 1722 utrimque
1010 1640 1163 1706 deteritur
1180 1648 1212 1707 et
1229 1641 1315 1705 infra

202 1752 278 1830 fluit,
300 1751 334 1815 id
349 1751 466 1834 excipit
480 1751 557 1814 luna
572 1757 603 1814 et
626 1749 686 1813 soli
708 1751 813 1829 tradit,
839 1770 900 1831 quo
924 1755 956 1814 et
977 1748 1131 1816 animalia
1145 1751 1315 1834 uigesount

202 1867 233 1925 et
254 1860 369 1926 humus
392 1859 532 1943 quodam
551 1858 646 1922 modo
662 1860 820 1924 animatur
834 1858 969 1940 genitali
984 1860 1099 1937 calore,
1115 1865 1149 1923 ut
1164 1859 1210 1924 ita
1224 1860 1315 1925 dixe-

203 1969 263 2033 rim
285 1969 369 2034 uiuo.
398 1969 567 2052 plurimum
589 1968 623 2031 in
645 1968 821 2050 originibus
844 1969 953 2034 ualent
976 1984 1058 2050 quae
1080 1968 1113 2031 in
1137 1973 1210 2031 ortu
1232 1972 1313 2052 sunt,

166 2106 190 2142 15
202 2079 355 2161 languent
379 2078 413 2141 in
441 2098 565 2143 occasu.
601 2084 703 2143 ortum
731 2079 807 2143 facit
835 2078 930 2143 stella
959 2097 1053 2159 quarn
1080 2076 1129 2140 sol
1151 2076 1315 2160 praeterit,

204 2186 321 2251 deinde
344 2187 511 2251 stationem
534 2187 733 2266 matutinam,
757 2209 827 2252 oum
850 2208 871 2252 a
893 2188 1003 2269 quinto
1026 2186 1097 2251 loco
1120 2185 1201 2250 solis
1223 2191 1314 2250 stete·

202 2295 252 2358 rit.
275 2294 309 2358 in
331 2294 445 2360 eodem
467 2303 574 2362 manet
596 2297 697 2380 signo,
722 2295 824 2362 donec
846 2298 886 2361 ab
911 2294 1024 2362 eodem
1047 2295 1115 2360 sole
1136 2301 1314 2360 moueatur.

204 2423 287 2484 quae
309 2403 468 2469 contraria
490 2410 538 2468 est
560 2405 629 2487 soli,
653 2425 747 2469 mane
770 2406 900 2489 occidit,
930 2405 1029 2470 oritur
1050 2404 1146 2470 simul
1166 2410 1262 2469 nocte
1285 2409 1316 2469 et

204 2518 339 2577 uocatur
365 2512 580 2597 acronyohos,
610 2512 728 2579 deinde
756 2534 866 2580 rursus
893 2515 992 2579 altero
1020 2515 1120 2580 latere
1153 2534 1176 2578 a
1204 2513 1314 2595 quinto

168 2651 195 2688 20
208 2619 300 2704 signo
316 2619 518 2704 deprehensa
540 2622 821 2706 postmeridianam
845 2623 1014 2688 stationem
1036 2622 1121 2706 facit,
1146 2621 1251 2688 donec
1269 2622 1315 2686 in-

202 2749 313 2813 gresso
340 2731 410 2795 sole
436 2730 521 2795 idem
552 2731 676 2815 signum
704 2737 738 2795 ut
768 2732 827 2796 sub
859 2731 957 2797 radiis
987 2733 1056 2797 cius
1084 2732 1255 2798 delitescat
1283 2738 1314 2800 et

203 2839 237 2903 in
258 2844 358 2904 totum
381 2841 515 2906 occidat.
554 2841 712 2924 aspiciunt
732 2841 816 2905 inter
839 2860 873 2905 sc
897 2842 1009 2906 stellae
1031 2860 1072 2906 ex
1093 2840 1187 2906 tertio
1209 2841 1312 2926 signo,

242 3035 260 3088 2
278 3038 377 3088 contra
396 3036 410 3085 b
431 3033 444 3104 Η
464 3036 556 3089 lunam
576 3036 697 3104 globum]
713 3036 1167 3104 Censorio.fr.111p.8o‚41cbc.
1188 3033 1202 3105 Η
1222 3035 1314 3090 lunam

205 3137 260 3174 non
279 3137 359 3175 snum
377 3122 469 3176 lumen
487 3122 605 3189 habere,
625 3123 677 3176 sed
701 3122 770 3177 solis
792 3123 879 3177 radiis
897 3123 1054 3177 inluminari
1074 3122 1250 3192 (inluminare
1268 3120 1313 3192 B),

205 3208 278 3260 undo
298 3213 327 3262 et
345 3208 484 3264 delectum
503 3211 621 3280 petitur,
641 3224 722 3278 quem
742 3208 815 3278 (qda
834 3215 870 3273 B)
891 3210 993 3264 Graeci
1012 3209 1130 3279 eclipsin
1149 3209 1273 3279 (clypsin
1290 3213 1314 3260 Β

206 3294 332 3364 eclypsin
346 3297 380 3362 G)
393 3301 497 3350 nocant
509 3295 642 3350 1111111θῦ
657 3294 670 3365 Η
684 3296 823 3364 3igneum
840 3303 862 3349 V
874 3295 889 3366 Η
903 3301 933 3350 et
945 3300 1076 3365 quantum
1088 3312 1106 3348 a
1123 3292 1170 3364 Vll
1184 3296 1203 3350 4
1219 3295 1314 3364 sugeri

210 3387 232 3435 V
251 3379 264 3452 Η
284 3383 374 3438 btoto
390 3401 439 3434 cm.
458 3388 479 3434 V
498 3382 511 3452 Η
533 3400 567 3437 cx
586 3383 705 3438 aduerso
723 3388 743 3435 V
764 3381 777 3453 Η
798 3384 1014 3452 Gymaginems
1034 3381 1048 3454 Η
1069 3382 1222 3435 tambram
1236 3379 1314 3435 6⁰6⁵

206 3468 220 3538 Η
241 3470 293 3522 hac
305 3497 337 3507 -·
348 3468 439 3522 lunam
453 3472 546 3523 antem
559 3471 888 3539 gentilesp.199,1com.
901 3468 1034 3522 gggagc
1048 3468 1062 3539 Η
1081 3470 1154 3522 enirn
1166 3474 1313 3523 crescente

205 3558 337 3611 uniuersa
354 3555 500 3626 gignentia
523 3561 545 3607 V
564 3557 576 3626 Η
596 3560 613 3612 8
631 3556 788 3627 pubescent
806 3560 827 3608 S
847 3553 859 3625 ΙΙ
885 3559 903 3611 9
921 3572 1069 3610 occeanus.
1100 3555 1182 3623 Quod
1202 3555 1315 3610 diuerso

206 3643 260 3696 celi
279 3649 301 3696 V
319 3642 332 3712 Η
353 3642 549 3712 abnegantis
570 3642 582 3710 Η
603 3644 635 3696 11
651 3643 725 3711 quod
738 3663 787 3697 om.
806 3649 828 3695 V
846 3641 859 3714 Η
881 3647 965 3712 atque
985 3642 1120 3696 deteritur
1138 3648 1159 3694 V
1178 3640 1193 3714 Η
1213 3644 1249 3697 12
1267 3658 1313 3695 ox·

206 3729 283 3798 cepit
301 3732 322 3780 S
342 3728 355 3798 Η
376 3732 527 3799 rugescunt
551 3735 572 3782 V
590 3728 603 3799 Η
624 3731 658 3783 13
678 3733 707 3783 et
723 3735 755 3783 ut
778 3735 798 3782 V
819 3728 831 3800 Η
857 3731 891 3784 14
909 3730 974 3782 uiua
992 3734 1041 3782 SV
1059 3729 1072 3798 Η
1098 3729 1163 3781 uino
1185 3731 1314 3781 Censori-

205 3833 255 3867 nus
274 3812 288 3882 Η
309 3815 405 3869 ualent
423 3817 451 3869 in
471 3816 624 3885 originibus
648 3822 670 3869 V
689 3815 702 3885 Η
723 3834 805 3886 qnam
822 3822 871 3870 SV
890 3815 903 3887 Η
924 3833 995 3885 quae
1017 3818 1179 3870 6999911999
1200 3816 1214 3885 Η
1235 3816 1270 3870 15
1286 3815 1314 3867 in

206 3901 290 3955 stella
308 3907 330 3954 V
349 3903 360 3971 Η
382 3904 416 3956 16
435 3903 556 3957 statione
575 3903 711 3971 matutina
733 3909 754 3955 V
773 3906 785 3976 l
808 3905 841 3959 17
860 3911 954 3959 manet
973 3908 1039 3958 ets
1060 3903 1074 3975 Η
1094 3905 1128 3959 19
1147 3903 1313 3957 achronicus

205 3992 226 4040 S
240 3986 254 4058 Η
268 3989 415 4042 chronicos
432 3992 455 4040 V
474 3988 487 4060 Η
507 3992 679 4060 acronychos
692 3995 842 4047 Solruosius
854 4000 979 4048 emercitt.
996 3999 1062 4047 Plio.
1076 4014 1103 4062 p.
1114 4000 1167 4046 no
1186 3999 1222 4061 cf.
1235 3980 1314 4048 'Mm-

115 4116 120 4131 .
204 4078 353 4231 ἶ119ἑ9.1109ρ.
369 4079 495 4233 11118910
516 4077 529 4146 Η
549 4080 584 4135 20
595 4082 662 4150 post
673 4080 854 4135 meridianum
866 4085 915 4137 SV
929 4081 942 4155 Η
962 4084 996 4138 21
1009 4085 1041 4136 ut
1052 4101 1101 4136 om.
1118 4082 1314 4137 Vd'ensortscs

261 4162 410 4230 c'tescant
434 4168 454 4215 V
484 4163 488 4232 Ι
