2948 5010
636 419 870 486 ..154-

164 592 190 660 S
202 591 277 654 uina
306 589 428 655 fudisse
455 594 597 655 testatur.
642 589 792 670 Nigidius
813 587 1023 672 hydrochoon
1047 586 1117 652 siue
1139 588 1309 672 aquarium

201 699 364 764 existimat
391 717 462 763 esse
484 698 713 762 Deucalionem
740 696 948 770 Thessalum,
977 697 1031 779 qui
1058 698 1199 763 maximo
1223 704 1309 764 cata

201 806 312 872 clismo
340 806 440 871 fertur
466 806 595 871 relictus
625 826 696 870 cum
724 826 823 871 uxore
845 804 971 890 Pyrrha
997 806 1035 882 in,
1061 812 1169 878 monte
1194 808 1309 891 Aetna,
1345 843 1348 851 ·

201 916 257 998 qui
278 923 328 981 est
349 916 523 980 altissimus
550 916 583 979 in
606 914 728 994 Sicilia,
756 920 789 981 et
814 920 1023 999 posteaquam
1052 935 1086 980 se
1115 919 1148 980 et
1175 934 1310 982 uxorem

175 1045 291 1090 seuam
314 1027 347 1090 in
368 1031 454 1090 terra
475 1023 604 1088 relictos
627 1023 727 1088 sensit
749 1024 959 1107 orbitatisque
982 1030 1014 1089 et
1032 1024 1194 1090 uastitatis
1216 1023 1310 1090 mise·

200 1140 289 1198 ratus
312 1134 353 1199 ab
376 1135 453 1198 Ioue
475 1132 600 1216 precari
623 1132 741 1216 coepit,
768 1137 804 1196 ut
832 1138 888 1197 aut
916 1140 947 1198 et
973 1132 1037 1217 ipsi
1063 1133 1233 1199 interirent
1255 1138 1311 1196 aut
1372 1221 1376 1227 ι

91 1255 96 1271 ‘
200 1242 365 1307 hominum
388 1260 489 1322 genus
512 1239 724 1306 restituerent.
761 1242 903 1324 luppiter
919 1240 1084 1325 respondit
1108 1247 1141 1306 et
1162 1260 1221 1326 per
1244 1261 1310 1307 sor·
1348 1279 1350 1284 =

199 1357 263 1414 tem
286 1350 452 1428 indicauit,
475 1335 667 1433 ut'lapides,
692 1369 772 1433 quos
795 1357 868 1415 ante
891 1371 928 1417 se
950 1350 1155 1434 reperissent,
1179 1356 1254 1433 post
1275 1369 1312 1416 se

200 1460 364 1524 iactarent.
403 1458 524 1523 reuersi
555 1458 675 1539 itaque.
707 1444 889 1549 *quosquos
907 1459 1087 1525 Deucalion
1114 1459 1213 1542 misit,
1250 1459 1312 1524 uiri

164 1568 336 1646 nitebant,
361 1588 441 1649 quos
462 1566 601 1650 Pyrrha,
624 1566 776 1631 feminae.
811 1589 874 1651 quo
896 1567 984 1633 facto
1008 1586 1119 1632 rursus
1141 1566 1310 1632 hominum

200 1695 302 1757 genus
325 1695 397 1741 esse
420 1682 536 1740 natum.
561 1676 601 1741 ob
624 1696 720 1757 quam
742 1695 810 1741 rem
834 1665 916 1756 λαός
937 1695 1055 1761 graece
1070 1677 1210 1761 populus
1232 1677 1312 1743 dici-

107 1822 111 1829 ·
181 1780 259 1864 tur,
283 1786 359 1867 quia
380 1785 466 1869 lapis
489 1784 663 1866 antiquitus
685 1805 802 1867 graece
825 1781 909 1864 λάας
931 1786 1166 1870 appellabatur.
1189 1786 1232 1851 ab
1255 1806 1312 1851 an-

200 1895 296 1976 tiquis
320 1894 448 1976 quidem
464 1893 579 1958 dicitnr
593 1894 773 1959 Aristaeum
787 1896 948 1980 Apollinis
963 1895 1062 1961 filium
1077 1894 1189 1973 fuisse,
1213 1914 1311 1978 quem

200 2004 317 2086 Apollo
344 2005 442 2068 fertur
470 2022 509 2065 ex
538 2002 665 2085 Cyrene
692 2025 895 2089 procreasse,
933 2025 1030 2088 quam
1057 2005 1249 2089 compressit
1277 2006 1313 2070 in

165 2139 187 2175 u
200 2117 309 2178 monte
332 2111 475 2197 Orpheo,
499 2110 553 2192 qui
576 2110 711 2196 Cyrenis
734 2120 782 2178 est
804 2113 998 2198 appellatus.
1041 2113 1210 2179 Aristaeus
1233 2115 1312 2179 dici-

198 2227 250 2285 tur
274 2221 420 2286 omnibus
442 2221 545 2285 modis
568 2223 753 2304 artibusque
776 2222 888 2287 doctus
911 2221 1023 2300 fuisse,
1047 2223 1162 2305 quibus
1185 2223 1311 2288 artibus

200 2336 323 2396 ceteros
352 2329 499 2394 homines
529 2330 572 2395 ad
593 2332 696 2396 bonas
719 2332 827 2415 fruges
850 2331 1083 2413 utilitatemque
1105 2332 1310 2415 perducebat.

197 2439 291 2520 isque
319 2458 389 2531 cum
419 2438 585 2504 caniculae
613 2439 739 2521 signum
766 2439 954 2525 pestiferum
984 2440 1127 2505 oriretur·
1147 2447 1179 2505 et
1201 2441 1310 2506 statim
1374 2471 1376 2475 ·

200 2553 388 2631 praesentes
410 2546 530 2612 fructus
552 2549 767 2614 lacerarentur
790 2555 822 2615 et
835 2548 1064 2615 interciderent
1078 2547 1227 2615 homines
1241 2551 1311 2615 diu-

54 2708 57 2714 .
162 2656 303 2722 coturnis
325 2656 446 2721 morbis
468 2663 525 2721 aut
547 2659 745 2743 pestilentia,
777 2678 829 2722 res
850 2657 978 2722 diuinas
1001 2657 1077 2724 fecit
1100 2657 1237 2745 [factum
1262 2667 1309 2726 est

199 2772 281 2829 uta
308 2765 370 2830 diis
396 2766 561 2850 impetrari
588 2768 705 2854 possit]
741 2768 880 2833 manime
907 2767 1056 2851 Neptuno
1083 2768 1154 2834 Ioui
1181 2754 1329 2854 parenti

199 2878 281 2957 aliis,
304 2878 548 2959 tempestatibus
572 2882 603 2940 ct
625 2879 739 2956 uentis,
763 2896 887 2941 summa
909 2878 1078 2961 diligentia
1093 2900 1230 2963 precans
1249 2881 1308 2969 [fa-

159 3170 181 3219 8
235 3164 250 3217 1
270 3161 401 3216 funderet
423 3164 444 3213 V
470 3158 482 3230 Η
508 3163 696 3213 testaturam.
716 3165 737 3212 V
762 3159 775 3230 Η
803 3161 961 3230 ydrochoos
980 3166 1001 3214 8
1027 3160 1041 3233 Η
1064 3162 1223 3233 ydrachoos
1246 3171 1272 3221 V
1293 3166 1306 3239 Η

199 3249 330 3319 aquarius
349 3253 369 3300 S
390 3247 403 3318 Η
425 3251 456 3298 de
470 3248 564 3314 fabula
585 3249 619 3312 cf.
639 3250 739 3314 Hypsoi
757 3248 813 3314 fab.
829 3256 880 3299 roa
899 3247 912 3318 Η
932 3249 950 3302 2
967 3250 1116 3305 ktaclismo
1136 3250 1175 3304 sit
1192 3252 1307 3309 relictus

203 3341 225 3389 V
245 3335 258 3405 Η
278 3337 296 3390 3
313 3335 390 3405 pirra
407 3338 428 3385 S
448 3331 462 3403 Η
483 3332 567 3386 ethna
585 3337 633 3386 SV
652 3333 664 3402 Η
684 3334 702 3389 5
719 3333 847 3387 relictum
867 3336 977 3388 censuit
994 3339 1043 3391 SV
1063 3334 1077 3407 Η
1096 3337 1229 3395 orbitatis
1254 3341 1307 3411 ΡΗ

152 3423 155 3431 ‘
199 3423 330 3477 misertus
348 3426 369 3474 8
389 3419 402 3492 Η
423 3422 439 3475 6
459 3420 536 3489 cepit
555 3425 602 3472 8Ρ
621 3419 633 3489 Η
659 3421 800 3491 lIupiter
823 3419 878 3491 ΡΗ
904 3424 1078 3496 bquotquot
1102 3421 1156 3494 ΡΗ
1181 3428 1216 3483 10
1234 3428 1309 3501 pirre

197 3514 218 3561 S
238 3509 251 3579 Η
272 3508 392 3562 foemina
417 3504 471 3576 ΡΗ
496 3522 602 3558 rursum
626 3506 678 3578 ΡΗ
706 3511 739 3563 11
759 3523 847 3576 genus
867 3511 959 3561 autem
979 3512 1025 3562 est
1047 3515 1070 3562 V
1087 3508 1101 3579 Η
1123 3518 1202 3572 ΜΟ(
1222 3518 1244 3566 8
1263 3521 1307 3568 112.

199 3613 253 3647 cem
272 3598 331 3662 fere
351 3598 438 3647 litter.
452 3598 502 3646 luc.
528 3599 549 3646 V
567 3592 581 3664 Η
602 3595 635 3648 12
655 3601 739 3654 Aloe
758 3599 780 3648 S
799 3593 814 3666 Η
834 3600 920 3648 locun.
940 3600 961 3647 V
981 3593 994 3665 Η
1014 3596 1049 3650 13
1066 3595 1234 3654 Arintheum
1251 3608 1273 3656 S
1293 3603 1311 3690 Η

198 3680 330 3734 Aristeus
354 3687 377 3734 V
396 3680 408 3750 Η
429 3679 502 3733 lilius
523 3680 673 3751 appollinis
693 3697 753 3748 esse
777 3684 829 3751 ΡΗ
851 3683 886 3737 14
904 3682 1007 3736 dicitur
1029 3687 1053 3735 V
1070 3681 1083 3752 Η
1104 3685 1138 3740 15
1158 3678 1307 3759 reppella-

198 3769 244 3819 tus
262 3770 283 3818 8
304 3764 316 3836 Η
336 3767 470 3820 Aristeus
482 3772 532 3819 8Ρ
550 3767 563 3837 Η
584 3768 618 3822 16
636 3769 764 3822 omnibns
783 3768 890 3823 artibus
908 3774 931 3822 V
949 3767 962 3838 Η
983 3771 1016 3825 17
1036 3772 1123 3825 ceteri
1141 3776 1163 3824 8
1183 3771 1197 3843 Η
1217 3774 1308 3830 bonos

199 3852 305 3907 fructus
323 3857 345 3905 V
363 3851 375 3923 Η
397 3855 431 3908 18
443 3855 473 3908 Is
491 3859 512 3906 V
531 3852 544 3923 Η
566 3855 599 3908 19
617 3858 700 3925 putes
713 3858 762 3911 SV
780 3853 793 3925 Η
813 3854 973 3910 lederentur
990 3863 1012 3910 V
1030 3855 1043 3926 Η
1065 3859 1095 3910 at
1106 3857 1235 3914 homines
1248 3862 1307 3916 dim

198 3942 279 3992 tnrna
291 3940 456 4010 pestilentia
468 3940 644 3994 afficerentur
661 3945 683 3992 V
701 3939 716 4010 Η
735 3945 783 3995 aut
794 3942 1015 3996 intercederets
1035 3941 1048 4013 Η
1068 3945 1103 3999 20
1120 3945 1247 4000 moribus
1259 3951 1280 4000 8
1294 3946 1308 4018 Η

199 4025 240 4078 rei
258 4025 354 4079 diuina
373 4025 455 4094 sfficy
468 4031 489 4078 8
509 4025 521 4096 Η
542 4026 646 4080 factum
658 4028 792 4099 -possit
805 4029 845 4080 lu'c
858 4032 946 4081 deleat·
960 4040 986 4082 et
1000 4033 1074 4097 infra
1086 4036 1164 4098 puerei
1177 4049 1214 4085 ea
1226 4036 1309 4088 sobal.

199 4115 289 4164 Basti.
307 4110 322 4182 Η
342 4112 376 4166 21
394 4114 577 4192 imperaretur
600 4120 622 4167 V
645 4114 658 4184 Η
682 4115 759 4170 Iouis
776 4119 826 4168 SV
848 4113 861 4184 Η
886 4118 1029 4185 parentem
1047 4121 1069 4170 S
1088 4115 1102 4188 Η
1126 4119 1163 4173 22
1180 4134 1218 4172 ne
1237 4123 1306 4174 tem·

199 4201 360 4273 pestatibus
384 4207 406 4254 V
425 4201 438 4274 Η
458 4201 550 4259 uentis
568 4205 711 4274 pateretur
730 4217 818 4273 genus
836 4203 983 4260 humanum
1000 4202 1075 4259 affici
1098 4202 1154 4276 ΡΗ
