2948 5010
642 424 877 492 -162-

169 599 195 666 S
207 607 303 667 tonus
324 603 398 685 post
420 618 490 664 eam
513 598 630 664 multos
651 599 746 677 misit,
770 600 822 682 qui
847 618 920 663 eam
942 604 1099 682 peterent.
1131 601 1225 677 inter,
1238 623 1319 686 quos

210 717 241 776 et
262 709 447 794 delphinum
470 708 566 792 misit,
591 708 645 791 qui
667 729 738 773 eam
760 713 890 793 peteret.
915 708 968 790 qui
992 728 1064 773 cum
1087 710 1172 775 eirca
1196 711 1323 780 insulas

205 819 380 885 Atlantidis
407 818 590 900 rimaretur,
625 819 768 903 repperit
801 839 874 882 eam
907 818 1128 902 nuntiauitque
1157 823 1321 908 Neptuno,

207 950 305 1013 quam
327 929 382 993 ille
404 927 668 1011 persuasionibus
691 928 732 991 ad
755 949 846 992 suam
867 929 1015 1011 perduxit
1036 931 1235 1013 uoluptatem
1252 932 1321 999 del-

168 1056 181 1093 5
205 1039 369 1125 ph‘moque
392 1037 550 1101 maximos
572 1036 712 1101 honores
733 1037 766 1099 in
788 1038 868 1101 mari
890 1037 1012 1120 tribuit,
1046 1058 1141 1120 quem
1170 1046 1202 1105 et
1225 1041 1321 1107 astris

206 1148 313 1213 intulit
335 1154 365 1212 et
387 1146 588 1212 consecrauit
610 1151 642 1211 et
663 1147 696 1211 in
718 1168 817 1211 manu
840 1167 899 1212 sus
914 1147 1034 1212 habere
1050 1149 1198 1214 instituit.
1222 1151 1321 1217 habet

206 1265 312 1322 autem
328 1258 438 1322 stelles
453 1280 524 1320 vrur
536 1263 567 1322 et
581 1257 654 1320 ideo
677 1257 834 1323 musicum
857 1257 983 1339 signum
1005 1257 1120 1322 dicitur
1145 1258 1210 1347 [eo]
1235 1263 1320 1344 quod

206 1369 240 1433 in
261 1386 394 1432 numero
411 1367 574 1431 Musarum
597 1367 707 1432 stellas
731 1368 842 1432 habet:
865 1367 899 1431 in
922 1387 1013 1445 orer,
1036 1367 1069 1431 in
1092 1368 1204 1452 lophia
1227 1371 1318 1456 duas,

95 1502 99 1509 ¹
206 1478 241 1541 in
261 1477 412 1560 pennulis
433 1477 554 1540 uentris
577 1499 622 1554 111,
645 1477 678 1540 in
700 1477 796 1542 dorso
818 1501 839 1560 r,
861 1477 895 1541 in
919 1476 1021 1541 cauda
1042 1499 1075 1540 11.
1110 1485 1184 1544 sunt
1208 1501 1318 1548 omnes

170 1602 287 1650 10v1111.
322 1585 490 1668 delphinus
518 1591 622 1650 autem
651 1607 715 1651 non
742 1588 936 1671 supercurrit
963 1587 1097 1652 multum
1119 1589 1319 1674 capricorno.

292 1697 372 1761 Tale
396 1695 501 1782 caput]

292 1805 402 1882 Orion,
426 1805 480 1887 qui
501 1811 533 1870 et
554 1806 667 1886 iugula
691 1805 819 1892 dicitur,
843 1814 917 1873 ante
939 1807 1023 1873 tauri
1044 1807 1182 1891 uestigia
1203 1809 1314 1893 fulget

205 1916 258 1979 hic
280 1915 393 1979 dieitur
416 1915 515 1979 Orion
539 1915 579 1979 ab
603 1916 702 1995 urina,
726 1916 759 1980 id
782 1925 830 1982 est
852 1919 893 1982 ab
916 1919 1125 1984 inundatione
1148 1939 1317 2002 aquarum.

206 2032 349 2108 tempore
372 2023 456 2087 enim
479 2025 594 2089 hiemis
616 2026 712 2090 habet
734 2032 851 2106 ortum,
874 2049 962 2093 mare
987 2037 1018 2095 et
1039 2037 1140 2094 terras
1163 2030 1258 2112 aquis
1280 2051 1319 2096 ae

168 2186 301 2260 Gunus
328 2201 402 2279 post
430 2215 501 2260 eam
524 2195 606 2262 inter
629 2202 751 2262 ceteros
775 2198 888 2263 missos
912 2199 1095 2284 delphinum
1118 2200 1215 2265 etiam
1241 2201 1317 2267 diei-

204 2314 254 2371 tur
276 2306 414 2383 misisse,
439 2306 493 2389 qui
516 2326 573 2388 per
594 2306 732 2373 Atlantis
754 2308 876 2373 insulas
899 2308 1140 2392 circumuagans
1164 2331 1236 2377 eam
1260 2314 1315 2377 ad-

205 2419 329 2482 locutus
361 2417 402 2481 sit
434 2423 465 2481 et
490 2416 640 2499 Neptuno
670 2417 703 2480 in
731 2419 966 2482 matrimonium
995 2421 1227 2486 adsumendam
1260 2422 1315 2486 ad-

205 2528 331 2592 duxerit
353 2533 384 2593 et
406 2527 447 2592 ob
470 2526 553 2592 hanc
575 2546 706 2591 oausam
728 2527 810 2592 inter
832 2533 918 2593 astra
936 2529 1121 2596 conlocatus
1144 2530 1194 2597 sit.
1218 2532 1315 2598 habet

204 2637 312 2702 stellas
335 2636 355 2676 *
369 2636 389 2676 *
404 2635 423 2676 *

165 2767 192 2806 20
289 2747 397 2831 Orion,
423 2747 476 2830 qui
492 2753 524 2812 et
538 2747 649 2827 iugula
671 2747 793 2831 dicitur,
816 2753 890 2812 ante
908 2747 992 2811 tauri
1007 2749 1144 2832 uestigia
1162 2751 1267 2835 fulget
1285 2759 1314 2819 et

202 2855 305 2922 dictus
329 2857 426 2922 Orion
450 2858 490 2922 ab
513 2857 606 2921 urina
627 2857 660 2920 id
685 2863 733 2923 est
755 2858 796 2923 ab
817 2857 1025 2922 inundatione
1048 2880 1214 2942 aquarum.
1238 2868 1311 2929 tom·

200 2987 278 3051 pore
308 2967 392 3032 enim
420 2968 532 3034 hiemis
556 2967 687 3032 obortus
710 2988 798 3033 mare
821 2976 853 3035 et
874 2976 977 3034 terras
999 2969 1091 3051 aquis
1114 2991 1152 3035 ae
1176 2978 1311 3056 tempes-

162 3155 183 3204 8
237 3157 252 3209 1
272 3154 386 3209 inter—
398 3159 510 3225 peteret
528 3174 577 3208 om.
596 3160 618 3206 V
638 3154 649 3223 Η
671 3157 688 3209 2
708 3155 874 3226 delphynum
892 3159 913 3208 8
934 3154 948 3226 Η
969 3157 1028 3224 Quo
1041 3160 1090 3210 sV
1109 3157 1121 3228 Η
1141 3159 1159 3214 3
1178 3159 1310 3215 athlantis

199 3247 352 3296 moreretur
376 3248 397 3295 V
416 3242 429 3312 Η
450 3242 619 3311 nunciauitq.
639 3248 661 3295 V
679 3241 692 3314 Η
712 3244 730 3297 4
748 3243 807 3295 suis
826 3243 1057 3313 persuasionibus
1076 3249 1098 3295 V
1116 3243 1129 3315 Η
1150 3248 1308 3316 persuasio·

199 3327 280 3382 nibus
301 3348 368 3380 corr.
383 3346 417 3380 erc
436 3329 667 3398 prosuasionibus
688 3333 708 3380 8
728 3328 740 3399 Η
763 3328 923 3400 delphinoq.
944 3349 1012 3382 corr.
1028 3349 1063 3382 en
1083 3331 1272 3404 delphinumq.
1289 3337 1309 3386 8

199 3412 211 3484 Η
232 3416 249 3469 6
268 3418 297 3467 et
316 3416 477 3485 procreauit
494 3420 515 3467 8
534 3435 583 3468 om.
608 3422 631 3469 V
653 3415 667 3488 Η
694 3418 763 3471 leo
784 3421 871 3469 dcteot
892 3415 905 3487 Η
930 3416 1070 3473 8habeat
1092 3423 1114 3470 V
1133 3418 1147 3489 Η
1168 3418 1276 3474 foliae
1295 3419 1307 3489 Η

199 3501 266 3555 folio
291 3507 313 3554 V
332 3499 345 3572 Η
370 3504 405 3557 10
423 3518 478 3555 non
497 3503 583 3556 currit
601 3505 715 3558 multum
734 3520 819 3574 super
837 3505 1029 3576 capricornum
1052 3511 1074 3558 V
1093 3502 1106 3575 Η
1133 3508 1308 3585 capricornio

200 3609 221 3656 S
240 3605 253 3675 Η
273 3607 306 3660 11
328 3610 417 3659 Germ.
431 3615 482 3658 331
496 3625 535 3675 sq.
555 3611 575 3659 8
602 3606 616 3677 Η
640 3612 675 3664 12
693 3611 786 3664 incolo
806 3614 854 3663 SV
878 3610 892 3681 Η
916 3610 1012 3678 iugula
1029 3613 1231 3666 Sebrruboobius
1256 3613 1270 3684 Η
1292 3590 1309 3667 h¹

198 3690 267 3745 dcirs
287 3695 307 3742 8
329 3690 342 3762 Η
364 3694 398 3748 13
417 3698 447 3747 et
465 3694 566 3748 dieitur
584 3700 605 3747 V
624 3695 637 3766 Η
657 3697 702 3750 hic
723 3697 825 3752 dicitur
845 3702 940 3764 sor-ipsi
966 3696 978 3767 Η
1004 3698 1130 3752 cirinus
1151 3698 1165 3770 Η
1190 3701 1227 3756 14
1244 3701 1307 3771 hye-

197 3778 250 3832 mis
269 3783 289 3831 8
311 3777 323 3850 Η
1051 3810 1054 3813 ·

160 3895 184 3942 6
233 3892 266 3946 15
285 3892 387 3944 missus
409 3892 488 3946 Gadi
510 3891 523 3964 Η
544 3892 675 3946 delfinum
697 3897 775 3949 &⁰6¹⁶
796 3895 809 3967 Η
831 3900 864 3952 16
882 3897 1007 3952 mississe
1023 3901 1047 3951 G
1066 3897 1081 3969 Η
1102 3899 1238 3954 athlantis
1253 3903 1276 3954 cl
1294 3900 1307 3970 Η

195 3984 229 4031 ed
250 3981 273 4031 d
294 3977 308 4048 Η
329 3978 475 4032 adlocatus
495 3991 558 4032 crete
573 4000 642 4033 corr.
658 3982 694 4035 (pb
715 3983 729 4054 Η
748 3986 781 4039 17
800 3984 975 4039 matrimonio
996 3989 1035 4039 θα
1055 3989 1068 4056 Η
1093 3989 1127 4042 18
1146 3987 1185 4040 sit
1205 4007 1256 4040 om.
1272 3989 1309 4041 θ’

193 4063 242 4117 0⁶¹
262 4069 367 4118 artatur
389 4064 438 4118 0⁶²
464 4066 478 4137 Η
503 4069 537 4123 19
555 4069 784 4126 DELPHINVS
807 4075 830 4124 G
855 4070 868 4141 Η
893 4073 1092 4128 DELFlNVS
1114 4077 1152 4127 (ἔμ’
1178 4072 1192 4144 Η
1214 4077 1308 4143 tmopt·

187 4169 247 4205 nem
266 4155 400 4220 praebeat
418 4172 508 4206 coenes
530 4151 545 4222 Η
566 4156 601 4211 20
619 4159 712 4212 incolo
733 4157 837 4212 GGltil
858 4157 872 4229 Η
895 4162 924 4212 et
943 4159 1019 4213 dictt’
1035 4160 1119 4237 *papo
1141 4159 1155 4231 Η
1175 4161 1211 4215 21
1231 4159 1307 4214 inda·

187 4237 267 4293 tione
289 4250 353 4293 orate
372 4259 443 4294 corr.
464 4243 503 4295 θ’
523 4239 537 4312 Η
557 4243 592 4297 22
610 4244 717 4314 hyemis
740 4247 805 4299 (ἔθ’
825 4243 840 4316 Η
859 4235 1073 4318 actespestalm
1095 4252 1118 4303 G
1139 4247 1153 4322 Η
