2948 5010
638 377 852 443 ..39-

272 548 427 630 Aurigam
448 553 548 613 lotum
571 546 738 638 abscondit
760 545 894 611 ueniens
917 547 1168 629 capricornus

185 663 283 739 atquo
306 650 435 722 omnem
454 662 601 722 ornatum
623 654 826 721 uenerandae
849 655 979 721 numine
1000 657 1126 741 puppis.

185 772 252 831 tum
273 787 418 851 procyon
441 768 596 832 obscurus
618 765 699 844 abit3
721 762 804 829 redit
826 764 964 846 armiger
986 765 1078 830 uncis

185 876 355 961 unguibus,
379 882 452 940 ante
475 874 578 939 omnis
599 879 709 958 gratus
731 872 799 953 tibi,
820 873 973 959 luppiter,
997 875 1075 940 ales.

185 984 332 1050 omnibus
354 990 385 1051 et
408 984 509 1049 stellis
531 1003 655 1068 cygnus
677 983 760 1048 redit
781 988 813 1049 et
833 983 906 1048 leue
928 983 1026 1048 telum

186 1100 218 1159 et
239 1114 357 1178 paruus
380 1092 550 1176 delphinus
573 1099 605 1157 et
626 1097 702 1177 apta
725 1090 839 1156 altaria
862 1093 971 1158 sacris.

158 1204 307 1269 *eminus
330 1201 456 1285 exurgit
476 1203 595 1267 Minoia
616 1207 694 1266 nota
716 1220 844 1266 corona.

271 1310 523 1398 Hydrochoos
546 1312 669 1378 caelum
691 1310 850 1376 scandens
872 1312 966 1377 simul
987 1320 1102 1379 euocat
1123 1335 1177 1381 ore

185 1426 218 1487 et
239 1421 364 1486 ceruice
385 1427 478 1486 tenus
500 1420 652 1486 fidentem
672 1421 822 1502 Pegason
844 1420 914 1485 alis.

185 1549 335 1595 auersum
358 1529 498 1595 Chirona
518 1529 614 1594 trahit
635 1550 699 1594 nox
722 1535 792 1594 atra
814 1530 874 1593 sub
897 1530 1011 1610 undas,

184 1658 325 1705 oceanus
347 1638 480 1704 caudam
501 1639 626 1723 tinguit,
649 1638 791 1704 nondum
814 1639 898 1723 capit
920 1661 985 1724 ora,

183 1768 250 1813 non
270 1754 379 1814 uastos
401 1767 538 1826 umeros,
560 1770 625 1814 non
646 1755 777 1832 pectora
798 1748 901 1812 tristia
922 1750 1007 1815 setis.

183 1855 320 1940 hydram
341 1858 413 1940 plus
434 1856 572 1923 mediam
594 1856 711 1935 condit,
734 1877 809 1940 pars
831 1857 925 1922 tertia
945 1858 1038 1925 lucet.

269 1967 359 2031 Hanc
381 1967 507 2049 pisces
529 1965 651 2031 abdunt
673 1967 733 2030 orti
754 1970 919 2048 totumque
939 1966 1116 2036 biformem.

183 2097 255 2142 cum
279 2076 423 2157 geminos
445 2077 550 2160 pisces
572 2076 731 2158 aquilonis
753 2081 909 2159 prouocat
931 2097 1019 2156 aura,

182 2184 238 2250 illc
262 2184 355 2248 etiam
379 2185 488 2270 surgit,
510 2185 565 2267 qui
586 2184 686 2249 tristis
709 2182 837 2265 respicit
860 2190 1000 2267 austros;

182 2292 325 2376 piscibus
345 2293 401 2360 illo
423 2295 516 2360 simul
539 2293 650 2377 surgit,
673 2291 732 2358 sed
753 2291 866 2356 hbcrat
889 2301 984 2379 ortus,

183 2421 256 2466 cum
277 2404 390 2486 pernix
412 2404 496 2469 aries
517 2405 551 2469 in
573 2403 698 2468 caelum
721 2421 841 2466 cornua
862 2403 954 2468 tollit.
1024 2411 1029 2419 ‘

182 2510 289 2595 pisces
311 2512 449 2578 educunt
471 2510 650 2597 Cepheida3
672 2511 784 2575 laetior
805 2511 862 2575 illa
1004 2585 1008 2593 ‚

181 2620 340 2686 Nereidas
362 2628 557 2705 pontumque
578 2620 660 2702 fugit
681 2621 835 2701 caeloque
857 2619 999 2686 refertur.

270 2731 365 2796 Ortus
386 2730 554 2812 lanigeri
575 2729 794 2813 properabunt
816 2729 954 2794 condere
977 2751 1100 2798 sacrum

182 2839 369 2919 turibulum
392 2828 494 2922 patrio
516 2835 710 2920 fulgebit‘in
732 2836 860 2903 aethere
882 2838 1028 2905 Perseus.

182 2949 303 3015 Persea
325 2969 395 3014 cum
418 2968 542 3031 pennae
562 2946 710 3024 reddunt,
732 2946 796 3010 iam
818 2948 905 3012 Plias
927 2949 968 3013 ab
992 2949 1086 3014 undis
1130 2941 1134 2948 ’

183 3059 294 3145 effugit
316 3064 348 3123 et
370 3056 482 3123 dextro
504 3056 586 3121 tauri
609 3056 812 3137 cognoscitur
834 3076 932 3120 armo.

182 3221 234 3277 687
253 3233 334 3272 omne
352 3223 378 3271 Β
410 3216 423 3286 Η
457 3211 565 3272 cinnam
583 3219 608 3268 E
632 3213 646 3287 Η
678 3215 730 3270 692
748 3214 847 3269 minori
865 3218 933 3269 nota
952 3220 976 3268 Β
1003 3214 1016 3289 Η
1041 3221 1194 3287 exsurgunt
1212 3217 1294 3273 simul

182 3309 280 3361 exorto
301 3304 471 3376 Capricorno
495 3310 568 3358 Voss.
584 3307 620 3356 cd
633 3305 712 3357 Arist.
730 3302 820 3369 p.121
845 3301 859 3370 Η
886 3302 954 3353 banc
973 3320 1079 3356 uersum
1097 3311 1216 3372 apiarium
1236 3324 1294 3360 esse

182 3395 286 3459 primas
298 3396 368 3443 cidit
384 3395 493 3444 arctim
513 3388 528 3460 Η
546 3392 599 3446 693
615 3389 785 3460 Hydrocoos
798 3393 823 3441 Β
845 3387 859 3460 Η
879 3388 930 3443 695
949 3388 1045 3444 chiron
1064 3391 1218 3444 atrchitll¹
1235 3392 1293 3446 chi-

181 3493 251 3532 rone
271 3477 370 3532 ,aaut
386 3478 426 3530 13²
446 3474 459 3549 Η
478 3480 530 3534 696
550 3493 654 3532 coenus
667 3481 691 3529 Β
712 3474 727 3548 Η
747 3477 798 3531 697
817 3479 875 3530 tum
887 3478 1003 3546 pectora
1021 3476 1113 3531 tristia
1132 3477 1215 3531 sartis
1233 3482 1258 3530 Β
1279 3475 1293 3550 Η

182 3581 238 3619 non
256 3568 372 3635 pectora
388 3564 483 3618 tristia
501 3564 571 3617 sctis
593 3568 703 3630 ararica
729 3562 741 3635 Η
768 3563 819 3617 699
840 3561 1007 3632 ortitnmque
1026 3568 1051 3616 Β
1077 3561 1090 3633 Η
1115 3563 1296 3634 tortitnmqne
1345 3633 1347 3637 Ι

184 3656 207 3704 Β
228 3649 241 3721 Η
262 3652 316 3705 ort-i
334 3655 447 3721 tumque
466 3669 482 3718 y
507 3648 520 3720 Η
545 3653 690 3720 totumque
711 3655 821 3703 orarias
843 3649 856 3719 Η
875 3650 1009 3703 biformes
1027 3650 1065 3703 Β1
1090 3647 1105 3721 Η
1128 3659 1191 3717 post
1209 3649 1295 3705 bilor-

183 3753 244 3792 mes
263 3754 278 3791 r
296 3741 475 3806 adscripsisse
494 3742 602 3790 cicietur
619 3739 659 3790 11²
679 3737 692 3807 Η
717 3737 863 3790 biformem
884 3741 993 3789 arctim
1015 3735 1028 3805 Η
1049 3736 1100 3791 702
1119 3739 1148 3788 et
1165 3741 1190 3789 B
1211 3735 1225 3807 Η
1246 3737 1298 3792 sed

187 3828 297 3877 erotica
321 3822 336 3894 Η
362 3826 413 3880 703
432 3823 520 3877 calum
539 3828 565 3876 Β
592 3821 605 3894 Η
630 3823 683 3880 704
701 3824 854 3894 esphrajda
872 3827 896 3875 Β
922 3820 936 3894 Η
963 3822 1046 3875 letior
1063 3821 1102 3873 Β1
1120 3820 1203 3891 lptior
1221 3822 1258 3874 13²
1283 3822 1296 3892 Η

185 3897 238 3967 705
257 3909 399 3964 Nereidos
414 3915 443 3963 ’Β
464 3908 477 3981 Η
497 3909 638 3964 Nereidas
659 3913 769 3962 crorum
790 3908 803 3981 Η
823 3913 966 3982 pontoque
984 3908 1077 3977 fugam
1090 3911 1115 3959 Β
1136 3905 1150 3977 Η
1170 3912 1296 3978 pontum·

185 4013 240 4067 quc
259 3997 331 4066 fugit
350 3999 459 4050 oratioe
479 3997 492 4066 Η
514 3998 564 4053 707
584 3996 746 4050 Turibulum
761 3999 798 4049 Βι
818 3994 999 4050 Thuribnlum
1012 3995 1051 4047 13¹
1066 3992 1085 4065 Η
1105 3995 1217 4066 aethere
1238 3998 1261 4046 Β
1282 3992 1296 4064 Η

185 4084 237 4140 766
255 4082 357 4153 pinnas
375 4082 493 4138 redeunt
504 4088 529 4136 Β
548 4081 564 4156 Η
583 4099 692 4153 pennas
705 4082 825 4139 reddunt
840 4086 949 4136 arctim
970 4078 983 4152 Η
1005 4081 1055 4138 709
1069 4084 1100 4134 et
1118 4079 1297 4159 cognoscitur

185 4175 210 4225 n
231 4169 246 4243 Η
266 4173 296 4225 et
313 4173 411 4225 cereos
432 4174 542 4225 morsm
561 4169 577 4244 Η
878 4158 881 4165 ‘
