2948 5010
579 422 808 464 ...xm—

229 580 256 642 1.
290 573 389 640 codes
411 571 618 655 Basiieecsis,
641 569 717 635 olim
740 569 885 651 signatus
908 569 946 635 Κ.
962 568 1008 634 ΠΙ
1023 572 1088 648 341,
1110 586 1195 633 nunc
1215 567 1255 634 Α.
1271 576 1303 641 Α

142 697 182 760 N.
198 695 250 776 IV,
270 697 319 762 18.
343 695 424 757 ῖθεῖθ
446 688 686 775 Eyssenhardto
708 689 799 752 Mart.
816 689 893 771 Gap.
913 708 1031 771 p.cx11‚
1053 688 1252 753 membrana·

143 831 228 889 oeus,
244 811 349 876 forma
365 808 531 892 quadrata,
547 804 632 871 foliis
648 805 1026 889 quadragintaquinque,
1043 803 1252 869 saeculiVIII.

143 930 287 995 conlatus
303 933 352 995 θεῖ
369 928 410 993 ab
426 925 563 993 Hertzio.
588 924 622 988 in
635 924 775 1009 ligature
794 943 907 989 manus
922 899 1044 989 saeculi
1058 921 1150 987 XIIII
1171 902 1253 988 hcec

144 1044 270 1132 scripsit

413 1165 492 1231 iiber
515 1163 703 1229 astronomie

577 1286 580 1291 ’
664 1278 785 1346 XLVI
785 1298 793 1315 ·
805 1278 859 1346 Or.

414 1397 540 1465 clandii
557 1398 676 1487 cesores
719 1440 723 1445 ·

143 1518 177 1582 in
203 1517 345 1584 eiusdem
376 1516 497 1600 pagina
531 1534 648 1581 auersa
679 1514 810 1599 legitur:
856 1517 1030 1601 scqitcrius
1057 1515 1114 1581 IN
1132 1517 1253 1583 inmitte

144 1662 228 1703 neoc
244 1662 297 1723 pe.
325 1636 590 1719 subscriptionem
613 1634 710 1699 hebet
732 1633 837 1698 medio
860 1630 936 1697 folio
958 1638 1001 1703 45
1023 1653 1137 1699 auerso
1159 1632 1243 1699 hanc

412 1752 590 1820 CLAVDI
606 1751 857 1820 censeriis:-

336 1959 338 1963 ,
377 1886 380 1894 '
473 1873 573 1937 Arcti
583 1873 789 1958 pieoomertc.

489 1990 620 2076 explicit
630 1990 776 2075 feliciter
800 2052 804 2058 .

514 2108 571 2172 deo
591 2108 724 2193 ,cratian

140 2225 315 2290 litterarum
331 2223 444 2290 ductus
460 2224 605 2307 depictos
620 2223 765 2288 Inuenies
781 2222 869 2305 apud
885 2222 1114 2306 Eyssenhardt.
1131 2244 1162 2307 p.
1174 2246 1250 2304 exn,
1366 2312 1369 2319 ¹
1457 2308 1462 2316 ι

141 2343 231 2408 cuius
246 2341 454 2427 descriptioni
477 2343 597 2409 codicis
620 2342 714 2407 etiam
736 2341 798 2406 hoc
820 2339 1006 2406 addendum
1029 2348 1078 2408 est
1100 2345 1186 2426 quod
1206 2343 1251 2408 le-

141 2461 226 2543 gitur
248 2459 363 2529 10112
385 2461 461 2526 adu.
755 2539 759 2545 ⁵

270 2602 353 2644 corto
376 2581 484 2666 queitto
507 2578 625 2644 decimo
647 2578 779 2663 imperii
798 2578 921 2663 trireriti

139 2696 253 2761 litteris
279 2698 381 2782 periti
405 2696 548 2762 detersis.
586 2694 702 2778 quibus
723 2692 831 2759 uerbis
859 2694 892 2759 ni
918 2694 1014 2761 failor
1035 2716 1137 2762 annus
1158 2719 1189 2782 p.
1214 2696 1249 2761 Ο.

139 2833 170 2876 n.
187 2817 249 2881 858
273 2813 484 2897 significatur,
518 2815 572 2896 qui
599 2819 647 2879 est
673 2831 776 2877 annus
800 2812 929 2894 quintus
956 2815 1098 2880 decimus
1125 2816 1250 2899 imperii

140 2950 180 2996 ex
202 2930 333 2998 foedere
356 2932 578 2998 Verodunensi
606 2933 764 3018 tricet-titi.
797 2929 933 3013 scriptus
956 2937 1006 2996 θεῖ
1026 2932 1108 2998 liber
1130 2933 1172 2998 ab
1194 2931 1251 2998 ho-

33 3108 41 3125 ,
140 3051 278 3118 minibus
300 3050 432 3133 linguae
455 3051 576 3116 latinae
599 3050 730 3133 ignens,
754 3048 807 3131 qui
824 3067 865 3114 ne
879 3050 981 3115 uerba
997 3050 1124 3133 quidem
1140 3056 1171 3116 et
1186 3049 1251 3134 syl-

138 3168 231 3232 labas
255 3175 341 3233 recte
356 3168 565 3234 distinxerint.
599 3168 709 3249 itaque
731 3167 799 3231 fieri
822 3187 886 3231 non
908 3174 1016 3250 potest
1039 3170 1115 3251 quin
1137 3169 1171 3232 in
1192 3168 1253 3232 hoc

140 3283 251 3350 codice
280 3285 390 3368 aliqua
417 3286 672 3370 interpolationis
702 3284 836 3368 suspitio
867 3291 1034 3364 nascatur,
1062 3306 1127 3370 qua
1154 3286 1195 3352 de
1218 3305 1251 3350 re

138 3408 225 3467 recte
240 3402 395 3468 iudicauit
410 3404 494 3488 Frey
509 3424 583 3468 nou.
600 3423 682 3469 mus.
697 3403 798 3469 Rhen.
815 3402 898 3467 XIII
914 3409 988 3472 411.
1012 3406 1168 3489 scriptura
1184 3407 1252 3488 qui-

138 3520 211 3584 dem
235 3498 382 3604 plurimis
401 3521 480 3587 locis
504 3529 652 3607 corrupta
674 3527 732 3602 est,
756 3521 815 3586 sed
838 3521 985 3614 ultronil
1001 3521 1194 3588 addiderunt
1214 3523 1252 3587 li-

137 3637 246 3702 brarii.
278 3639 434 3724 integrum
461 3639 556 3723 igitur
578 3641 674 3705 habet
694 3639 892 3705 Basileensis
915 3640 1120 3706 adseruatum
1143 3639 1251 3706 arche·

137 3760 239 3838 typon
261 3762 293 3820 et
320 3758 392 3824 illas
420 3759 501 3822 dues
528 3756 791 3840 interpolationes
814 3777 913 3841 supra
935 3777 956 3822 a
979 3758 1072 3823 nobis
1093 3758 1250 3824 indicatas

125 3871 205 3947 ¹iern
228 3872 303 3940 huic
325 3876 498 3960 archetypo
521 3874 654 3940 infuisse
677 3880 774 3957 petet.
806 3875 896 3940 initio
913 3881 1021 3941 autem
1036 3875 1155 3941 codicis
1171 3875 1249 3942 ordo

137 4008 291 4056 uersuum
305 3992 358 4058 hic
374 3998 423 4059 est
441 3999 576 4061 1—134.
592 3997 662 4060 143.
681 3997 859 4062 135-146.
877 3997 939 4062 147
952 3998 984 4059 et
998 3999 1057 4062 148
1069 3995 1129 4061 bis.
1147 3998 1252 4061 149-

33 4146 36 4151 -
136 4110 212 4177 206.
231 4113 293 4179 207
310 4111 412 4176 deest.
432 4116 505 4179 208.
533 4111 609 4177 inde
625 4131 644 4174 a
661 4129 758 4174 uersu
772 4114 835 4178 209
853 4111 1252 4189 01·dononturbatur‚de-

135 4231 212 4290 sunt
227 4233 333 4294 autem
347 4228 382 4293 hi
397 4232 469 4296 224.
482 4231 661 4299 248-250.
678 4233 861 4297 ree-257.
878 4233 1030 4298 270-27
1032 4233 1063 4298 2.
1074 4233 1253 4300 its—280.
