2948 5010
538 392 750 482 215...

176 588 254 654 lnde
276 586 525 664 111111111111,
549 585 603 668 qui
623 584 719 666 longe
741 583 879 649 maxima
900 601 1029 648 comens

90 702 169 767 orbe
192 722 250 765 suo
273 699 377 783 spatia
398 699 441 764 ad
463 700 556 763 finem
579 717 642 760 non
665 695 787 760 tardius
808 713 883 758 ursa

92 812 236 896 peruenit
258 817 289 876 et
311 815 427 893 quanto
450 808 596 893 grauiore
618 803 778 890 Lycaonis
800 810 903 868 arctos

92 940 185 985 axem
208 924 285 985 actu‘
301 926 435 1002 torquet,
457 922 544 982 tanto
566 915 723 999 pernicior
745 914 801 980 ille

92 1029 240 1095 distantis
262 1051 360 1095 cornu
380 1033 530 1114 properat
551 1026 731 1111 contingere
754 1031 864 1090 metas.

94 1136 185 1205 clara
202 1160 260 1205 nec
283 1145 331 1204 est
351 1139 397 1203 illi
420 1139 517 1204 facies
541 1157 600 1202 nec
621 1137 727 1203 sidera
750 1141 891 1220 possunt,
934 1193 937 1198 ,

93 1249 211 1315 officiat
232 1251 259 1315 si
281 1250 366 1334 luna,
390 1269 449 1314 sua
470 1249 583 1313 uirtute
605 1247 713 1311 nitere.

92 1360 153 1427 sed
175 1360 375 1443 quaerendus
396 1360 454 1424 erit
476 1378 574 1424 zonae
596 1378 613 1422 e
635 1359 765 1442 regione
790 1357 933 1422 micantis

91 1471 334 1550 Andromedae;
357 1470 428 1535 terit
449 1469 500 1534 hic'
522 1468 616 1534 medii
640 1469 776 1533 diuortia
798 1469 917 1543 mundi,

93 1589 126 1648 ut
149 1582 271 1666 chelae,
295 1582 434 1647 candens
457 1587 490 1644 ut
511 1579 635 1644 balteus
658 1578 793 1644 Orionis.

176 1697 234 1760 Est
257 1694 350 1758 etiam
373 1691 519 1776 propiore
543 1689 635 1754 deum
659 1709 851 1773 cognoscere
874 1689 975 1771 signo,

21 1883 23 1886 ¹
91 1806 269 1883 deltoton
292 1806 319 1869 si
342 1804 412 1886 quis
433 1841 476 1848 -
497 1803 614 1866 donum
637 1800 697 1865 hoc
719 1801 893 1886 spectabile
914 1802 980 1867 Nili

77 1917 243 1981 'diuitibus
265 1919 450 1997 generatum
472 1911 565 1976 undis
587 1951 628 1958 -
649 1913 683 1977 in
705 1912 782 1977 sede
804 1912 932 1977 notabit.

96 2027 153 2091 tris
173 2027 218 2090 illi
240 2026 375 2091 laterum
398 2025 519 2103 ductus,
543 2029 679 2119 aeqpata
701 2021 835 2086 duorum

98 2143 171 2200 sunt
193 2137 302 2221 spatia,
325 2136 418 2200 unius
441 2133 577 2229 breuior,
601 2131 659 2198 sed
681 2133 795 2198 clarior
817 2135 901 2216 igne.

95 2246 180 2312 hunc
201 2249 282 2314 aries
305 2248 399 2314 iuxta.
443 2244 581 2309 medium
605 2244 745 2309 deltoton
768 2243 897 2309 habebit

91 2357 176 2422 inter
198 2359 331 2441 lanigeri
353 2364 475 2440 tergum
499 2360 531 2420 et
553 2354 714 2439 Cepheida
735 2361 899 2420 maestam.

178 2469 271 2533 Hunc
293 2469 376 2533 ultra
397 2467 514 2550 gemini
537 2464 680 2548 pisces,
704 2486 836 2548 quorum
860 2467 941 2532 alter
962 2467 995 2532 in
1018 2478 1158 2536 austrum

90 2677 337 2745 Ueloeis.agittat
360 2681 382 2728 P
406 2675 418 2746 Η
443 2676 542 2747 pinnas
569 2679 592 2726 Ε
618 2673 630 2745 Η
655 2674 752 2743 sydera
777 2678 799 2725 Ρ
822 2674 834 2745 Η
854 2694 878 2729 o.
898 2678 1095 2732 2240331111
1115 2676 1193 2751 ΔΡΗ

91 2766 146 2820 224
167 2770 276 2819 torrens
301 2783 313 2816 e
338 2763 351 2834 Η
378 2780 490 2817 currens
516 2767 557 2829 ΕΗ
584 2761 597 2832 Η
617 2764 669 2818 225
688 2779 738 2815 suo
758 2781 806 2813 ona
824 2766 871 2813 ΑΡ
888 2763 901 2834 Η
921 2782 997 2818 uram
1015 2769 1061 2817 ΑΡ
1079 2765 1092 2837 Η
1112 2784 1193 2820 ursae

92 2855 134 2919 Ep
155 2850 168 2923 Η
187 2869 253 2907 ursa
273 2857 380 2904 Grotius
401 2850 412 2920 Η
434 2850 533 2904 Orbis:
559 2849 640 2902 etad
664 2850 745 2902 finem
769 2850 868 2918 spatiis
894 2868 948 2904 non
972 2853 1078 2906 tardior
1100 2854 1193 2907 horam

92 2957 108 2991 e
133 2938 146 3009 Η
170 2943 223 2996 226
247 2939 356 3009 quando
381 2942 441 2989 Are
467 2937 480 3007 Η
507 2940 609 3005 quanto
633 2941 673 3004 ΕΗ
698 2936 711 3008 Η
732 2937 857 2990 breuiore
879 2943 902 2989 Ε
920 2943 1031 2992 corrioolt
1051 2945 1159 2993 Grotias
1180 2941 1193 3013 Η

90 3026 211 3081 licaonia
234 3031 281 3080 ΑΡ
303 3027 316 3097 Η
335 3028 386 3083 227
406 3041 485 3078 axem
504 3029 613 3078 actutor
631 3030 697 3094 quet
716 3029 736 3075 Α
759 3024 772 3094 Η
793 3041 872 3079 axem
890 3028 935 3080 uel
953 3033 1028 3081 tutor
1047 3045 1126 3097 quem
1145 3047 1158 3082 e
1179 3029 1193 3100 Η

92 3115 199 3182 gratior
226 3134 239 3167 e
269 3113 281 3184 Η
310 3115 362 3170 228
390 3114 527 3167 distantes
555 3130 636 3167 cursu
667 3117 775 3164 Grotr'os
806 3112 819 3183 Η
852 3115 1096 3183 contingeremeas
1127 3120 1150 3168 P
1180 3114 1193 3187 Η

90 3202 145 3257 229
164 3202 272 3256 claraue
292 3217 343 3254 nec
363 3201 403 3254 illi
422 3206 466 3254 est
485 3221 497 3253 e
513 3201 525 3271 Η
547 3200 646 3269 sydera
664 3205 686 3250 P
705 3199 718 3271 Η
736 3203 789 3256 230
807 3202 888 3254 nitire
907 3205 928 3251 Α
944 3200 1193 3272 Η231Ηι111911ᾱιιε

91 3293 140 3341 ΑΡ
159 3289 172 3360 Η
193 3289 377 3359 quaerendum
396 3295 435 3354 ΕΗ
455 3291 468 3359 Η
488 3307 559 3344 zona
578 3290 700 3357 erigione
719 3292 739 3337 Α
761 3285 774 3357 Η
795 3303 880 3340 zonae
899 3290 1013 3357 regione
1033 3295 1055 3342 P
1073 3291 1086 3362 Η
1106 3308 1193 3345 zonae

91 3379 200 3432 ratione
231 3397 244 3430 e
272 3376 285 3448 Η
314 3395 401 3431 zonae
433 3394 447 3430 e
478 3379 591 3446 regione
625 3380 733 3428 Gratias
765 3373 778 3445 Η
810 3376 862 3430 232
892 3377 945 3429 erit
974 3381 1022 3455 rlP
1051 3378 1065 3450 Η
1097 3381 1194 3433 summi

93 3464 214 3521 diuortia
241 3471 280 3533 ΕΗ
310 3471 418 3519 Grotius
447 3468 530 3517 Orelli
557 3464 569 3533 Η
595 3462 679 3516 medii
702 3466 760 3514 APe
784 3466 818 3529 cf.
844 3467 921 3516 Arot.
947 3465 998 3520 231
1021 3464 1140 3536 μεσσόθι
1162 3467 1194 3520 δὲ

91 3606 175 3670 τρίβει
203 3605 292 3674 μέγαν
322 3600 443 3671 οὐρανόν
471 3604 484 3672 Η
512 3606 563 3659 233
591 3551 661 3674 dele
688 3608 710 3655 P
737 3601 749 3672 Η
782 3601 904 3655 candens
935 3605 965 3652 ut
995 3605 1057 3667 (con
1090 3606 1137 3656 aut
1165 3614 1194 3656 at

92 3693 232 3742 aduolauit
252 3693 377 3754 Orellias)
396 3695 443 3743 ΑΡ
469 3691 483 3762 Η
512 3691 632 3745 candent
649 3695 680 3744 ut
700 3696 738 3757 ΕΗ
759 3690 771 3762 Η
792 3695 839 3744 aut
863 3707 875 3742 e
896 3689 908 3759 Η
928 3689 981 3743 234
997 3688 1192 3745 PROPRIRE

33 3774 37 3779 ’
91 3779 115 3828 Α
143 3775 156 3846 Η
182 3776 324 3847 propriore
348 3782 383 3830 Pe
407 3778 419 3850 Η
446 3779 574 3850 propiore
600 3783 640 3847 ΕΗ
660 3779 673 3851 Η
692 3780 744 3835 235
763 3778 871 3832 domum
891 3779 911 3827 Α
931 3774 944 3846 Η
965 3776 1017 3832 236
1035 3782 1193 3832 ceneratum

929 3875 937 3899 l

90 3915 114 3964 A
135 3912 149 3984 Η
169 3916 328 3966 ueneratnm
348 3931 360 3964 e
379 3912 391 3984 Η
411 3920 570 3968 ueneratnm
588 3915 665 3969 Indis
685 3917 813 3968 Bortlr'os
834 3912 847 3983 Η
866 3915 954 3984 undas
974 3915 1021 3986 ΡΗ
1036 3916 1138 3969 notarit
1151 3935 1164 3968 e
1178 3915 1193 3986 Η

90 4002 144 4057 237
174 4001 272 4055 ductos
300 4005 321 4052 Α
352 4000 364 4070 Η
393 4001 445 4056 238
473 4003 625 4073 Sunspatia
651 4002 869 4057 unius.breuior
897 4007 918 4054 Δ
949 4003 962 4074 Η
991 4003 1063 4070 ignis
1093 4009 1146 4070 Epo
1178 4002 1191 4073 Η

89 4090 144 4144 239
162 4089 225 4143 hinc
246 4093 355 4141 Grotius
374 4088 387 4158 Η
408 4090 484 4142 iuxta
502 4091 594 4144 modin
612 4096 634 4143 P
652 4089 665 4160 Η
685 4089 815 4145 habebit.
835 4110 847 4141 e
869 4089 881 4161 Η
901 4093 953 4147 240
971 4092 1046 4144 Inter
1059 4107 1092 4143 ea
1104 4092 1192 4159 nigeri

88 4181 199 4247 tergum
229 4175 356 4245 etcephei
386 4176 538 4232 damestam
569 4184 590 4229 Α
625 4177 637 4249 Η
667 4178 866 4246 Intereanigeri
894 4184 916 4230 P
943 4178 955 4248 Η
984 4181 1101 4232 mestum
1128 4180 1150 4227 P
1177 4175 1190 4246 Η

89 4265 143 4320 241
162 4266 424 4320 hincminmarus
443 4264 457 4337 Η
477 4269 587 4321 austros
605 4271 629 4317 B
650 4263 662 4336 Η

1205 2386 1245 2424 240
