2948 5010
637 492 682 505 -
723 460 788 524 210
829 492 875 505 -

164 634 190 697 S
675 628 838 693 Eiusdem.

285 764 369 827 Ante
394 761 502 824 omnia
530 767 636 826 autem
663 762 726 825 duo
754 780 873 844 genera
901 782 972 826 csse
1000 762 1150 827 caelestis
1176 760 1316 824 iniuriae

201 872 383 936 meminisse
407 869 574 934 debemus:
608 890 706 934 unum
735 872 821 952 quod
848 878 1052 954 tempestates
1080 890 1253 945 necamus,
1283 869 1315 932 in

200 980 317 1062 quibus
346 980 521 1062 grandines
548 980 713 1061 procellae
738 987 910 1061 ceteraque
938 981 1055 1045 similia
1081 980 1312 1061 intelliguntur,

176 1109 287 1171 cquae
308 1109 380 1153 cum
402 1089 602 1175 [plenilunio]
620 1088 794 1156 acciderint
815 1091 865 1154 uis
887 1091 988 1155 maior
1010 1089 1202 1173 appellatur.
1234 1088 1313 1152 bace

201 1200 243 1264 ab
265 1197 403 1264 horridis
425 1197 584 1264 sideribus
607 1207 732 1273 exeunt,
756 1207 791 1263 ut
805 1201 935 1283 saepius
958 1200 1105 1273 diximus,
1128 1198 1231 1263 ueluti
1247 1217 1310 1261 are

198 1313 270 1372 turo
294 1307 413 1374 Orione
435 1308 557 1374 haedis.
592 1309 659 1371 alia
686 1315 759 1373 sunt
785 1309 842 1372 illa
870 1329 952 1391 quac
978 1310 1093 1374 silente
1115 1308 1206 1372 caele
1229 1324 1310 1372 sere

199 1419 313 1499 nisque
336 1419 483 1483 noctibus
505 1419 597 1495 liunt,
626 1419 713 1482 nullo
737 1419 906 1493 sentiente,
934 1419 996 1483 uisi
1024 1438 1096 1482 cum
1122 1417 1208 1481 facta
1241 1420 1310 1481 sunt

200 1527 336 1612 publica.
361 1533 392 1591 et
413 1547 552 1608 magnac
574 1528 775 1592 differentiae
797 1549 819 1592 a
839 1529 1012 1613 prioribus,
1035 1528 1109 1591 aliis
1131 1527 1308 1608 robiginem

166 1662 190 1699 ro
203 1638 277 1701 aliis
292 1635 458 1701 uredinem
474 1637 548 1700 aliis
564 1637 789 1702 carbunculum
803 1638 1054 1722 appellantibus,
1070 1637 1221 1701 omnibus
1235 1654 1307 1700 uero

200 1745 410 1812 sterilitatem.
445 1745 486 1810 de
509 1746 558 1811 his
581 1766 665 1810 nune
688 1746 831 1812 dicemus
852 1767 873 1810 a
895 1748 983 1812 nullo
1006 1754 1080 1811 ante
1102 1768 1163 1811 nos
1184 1745 1307 1831 prodita

200 1856 352 1937 priusque
377 1875 492 1922 causas
516 1854 697 1921 reddemus.

285 1967 379 2031 Duae
401 1972 476 2031 sunt
501 1972 631 2050 praeter
657 1967 800 2032 lunarem
827 1966 1003 2050 paucisque
1025 1966 1107 2031 caeli
1129 1966 1210 2030 locis
1238 1984 1306 2030 eon·

201 2081 295 2140 stant.
317 2096 456 2159 namque
478 2075 633 2159 uergiliae
656 2076 806 2159 priuatim
822 2077 955 2140 attinent
969 2075 1012 2139 ad
1027 2075 1159 2153 fructus,
1183 2082 1219 2140 ut
1234 2093 1306 2158 qua·

163 2199 267 2252 usnam
297 2193 408 2251 exortu
436 2193 542 2250 aestas
569 2186 715 2269 incipiat,
746 2205 863 2251 occasu
886 2184 1002 2267 hiems,
1037 2186 1182 2251 semestri
1206 2185 1305 2269 spatio

198 2297 281 2360 intra
310 2315 346 2361 se
372 2315 494 2361 messes
516 2295 760 2378 uindemiasquc
783 2301 815 2360 ct
837 2297 977 2359 omnium
999 2297 1215 2362 maturitatem
1237 2314 1306 2361 con·

198 2407 365 2489 plectente.
401 2412 449 2472 cst
476 2412 643 2489 praetcrea
664 2406 698 2469 in
720 2407 810 2470 caelo
834 2407 887 2487 qui
910 2412 1042 2470 uocatur
1063 2407 1190 2472 lacteus
1213 2406 1305 2470 circn-

199 2518 259 2594 lus,
282 2518 379 2583 etiam
401 2517 472 2580 uisu
495 2514 609 2579 facilis.
633 2513 727 2579 huius
744 2514 884 2580 defluuie
899 2515 997 2580 uelud
1017 2535 1057 2579 ex
1079 2516 1179 2582 ubere
1202 2517 1305 2599 alique

199 2633 270 2692 sata
292 2633 406 2691 cuncta
428 2627 618 2702 lactescunt,
647 2624 780 2689 duorum
808 2626 950 2690 siderum
972 2625 1198 2690 obseruatione
1221 2629 1306 2689 nota·

160 2765 186 2803 no
198 2737 282 2820 bilis,
305 2737 436 2819 aquilae
449 2737 483 2800 in
498 2734 740 2818 septentrionali
759 2740 849 2817 parte
866 2740 898 2800 et
919 2735 951 2798 in
974 2734 1117 2799 austrina
1131 2734 1306 2811 caniculae,

159 2948 180 2997 S
235 2944 250 2996 1
269 2945 339 2993 Ptin.
353 2945 370 2992 l.
385 2944 403 2994 l.
416 2947 475 2993 271.
486 2947 538 2992 279
557 2940 571 3010 Η
591 2943 608 2995 2
627 2941 682 2994 due
701 2955 766 2994 esse
784 2940 896 2993 nomina
913 2945 952 2992 Vn
972 2940 985 3011 Η
1005 2942 1023 2995 4
1041 2940 1245 3010 intelleguntur
1257 2944 1306 2994 Pli-

197 3033 258 3082 nius
279 3027 290 3098 Η
311 3029 329 3083 5
348 3028 663 3097 ΗΜΘ-1111011118
683 3027 696 3098 Η
716 3027 869 3097 plenilunio
894 3028 930 3080 Vi
950 3047 998 3080 om.
1015 3033 1118 3081 Plinius
1137 3033 1228 3082 delcui
1247 3027 1261 3100 Η
1279 3028 1306 3081 ui

198 3117 301 3169 maiore
319 3116 356 3167 Vi
376 3115 390 3185 Η
410 3115 454 3167 uis
472 3115 559 3168 maior
579 3120 680 3167 Plinius
699 3120 733 3183 cf.
750 3117 897 3168 Columella
910 3120 924 3166 1
937 3125 987 3181 7‚1
1011 3115 1024 3186 Η
1044 3116 1227 3187 impelluntur
1244 3118 1279 3169 l'l
1293 3114 1305 3185 Η

197 3206 214 3260 6
233 3203 371 3258 sideribus
391 3202 493 3255 exoriri
512 3202 625 3268 (exomni
644 3221 679 3254 cn
692 3204 772 3269 corr.)
791 3207 812 3254 S
837 3201 850 3272 Η
876 3204 891 3256 l
911 3203 1008 3257 oriona
1026 3208 1046 3256 S
1068 3203 1081 3274 Η
1101 3205 1214 3258 serenis
1237 3205 1274 3256 Vl
1291 3201 1304 3271 Η

199 3294 216 3347 8
230 3291 283 3344 nisi
298 3306 359 3343 cum
373 3288 448 3343 facte
463 3292 527 3342 sunt
537 3329 543 3341 .
554 3287 668 3358 publice
680 3289 757 3354 haec,
778 3290 829 3342 sed
842 3293 871 3342 et
883 3305 1000 3358 magnae
1014 3295 1118 3343 Plinius
1131 3289 1145 3361 Η
1159 3294 1177 3346 9
1191 3306 1306 3361 magnae

198 3382 262 3433 surii
284 3377 320 3430 l'd
342 3374 355 3446 Η
375 3378 409 3432 10
427 3376 554 3430 caniculri
573 3375 780 3446 appellantibus
799 3380 821 3427 S
841 3376 855 3446 Η
875 3377 1024 3445 caliginem
1042 3378 1255 3448 impellentibus
1272 3378 1307 3430 l'b

197 3465 211 3535 Η
239 3463 434 3519 carbunculum
454 3468 557 3516 Plinius
582 3462 596 3533 Η
621 3465 653 3517 11
674 3462 872 3533 dicemusque
892 3466 975 3534 (quae
995 3466 1021 3533 b)
1040 3470 1105 3519 ente
1124 3482 1177 3519 nos
1198 3464 1306 3519 anullo

197 3557 262 3606 sant
280 3544 392 3622 proditu
411 3553 445 3604 l'b
467 3550 480 3620 ΙΙ
500 3553 534 3606 13
547 3555 607 3603 Plin
630 3554 646 3603 l.
662 3555 678 3603 l.
692 3557 835 3604 260-294
854 3551 867 3622 Η
889 3559 955 3620 ooli
973 3569 1026 3623 que
1046 3556 1112 3606 sunt
1128 3558 1151 3605 V
1170 3554 1185 3625 Η
1206 3571 1306 3609 eorum.

197 3656 267 3709 quae
287 3644 350 3692 suut
369 3641 383 3689 l
405 3637 418 3708 Η
440 3643 469 3691 et
488 3654 541 3707 que
561 3637 643 3706 (quae
657 3639 683 3705 b)
702 3639 800 3707 paucis
819 3642 854 3693 Vl
876 3641 889 3711 Η
911 3641 946 3695 14
964 3640 1112 3710 primatum
1131 3643 1197 3693 Sl'b
1218 3641 1233 3713 Η
1252 3642 1305 3713 pri-

196 3727 280 3779 uatim
294 3730 395 3779 Plinius
416 3724 428 3795 Η
449 3727 548 3780 tenent
566 3723 601 3774 Vl
623 3722 635 3792 Η
656 3727 687 3776 ut
706 3744 755 3778 ona
772 3728 808 3778 Vb
829 3727 842 3798 Η
863 3729 897 3783 15
914 3733 1027 3783 exertus
1046 3730 1082 3782 Vb
1102 3726 1117 3798 Η
1138 3731 1280 3782 estussl’
1291 3726 1306 3799 Η

195 3833 318 3885 ecstasi
338 3830 352 3901 Η
372 3830 472 3900 incipit
489 3832 524 3881 Vt
546 3828 558 3899 ΙΙ
578 3796 711 3899 hyemisq,
728 3832 872 3894 semestris
893 3833 986 3903 spatie
1005 3837 1026 3886 S
1046 3832 1060 3903 Η
1079 3831 1305 3887 hicns.Seincn·

194 3919 231 3972 tls
250 3919 376 3988 spacium
393 3923 415 3971 l'
434 3917 447 3987 Η
466 3918 555 3970 hiems
575 3918 704 3970 semestri
723 3917 848 3987 speciei
867 3917 882 3988 Η
902 3923 936 3975 16
948 3923 1093 3973 mensess
1113 3917 1126 3990 Η
1148 3924 1179 3973 ct
1198 3934 1305 3974 messes

199 4008 235 4060 Vi
256 4006 268 4074 Η
289 4005 534 4074 iucndemiusq.S
555 4004 568 4074 Η
588 4006 780 4059 maturitates
801 4005 814 4074 Η
834 4005 974 4075 pploxits
989 4006 1001 4076 Η
1022 4005 1218 4076 amplexantur
1234 4007 1272 4058 l⁷li
1290 4006 1304 4075 Η

194 4094 390 4163 conplectente
411 4097 513 4145 Plinius
534 4092 546 4164 Η
567 4095 600 4148 18
618 4094 696 4147 uisus
717 4097 806 4144 alteru
826 4109 840 4146 s
861 4097 950 4145 ilclclu
970 4096 990 4144 S
1010 4091 1024 4160 Η
1046 4092 1081 4144 de
1101 4091 1157 4145 fluo
1182 4098 1204 4145 7
1223 4092 1237 4163 Η
1258 4109 1305 4146 ue·

193 4180 234 4233 lut
257 4182 294 4233 l'b
315 4178 442 4250 italique
462 4196 511 4231 ona
530 4184 553 4231 l'
571 4179 585 4249 Η
606 4182 778 4246 19111118
799 4179 812 4250 Η
833 4180 975 4232 latescunt
998 4184 1020 4230 V
1037 4177 1052 4247 Η
1073 4177 1157 4233 duum
1182 4180 1236 4251 l'll
1256 4197 1305 4237 ne·

191 4267 288 4320 meilis
308 4285 358 4319 uin.
371 4266 500 4319 enisurus
520 4264 534 4335 Η
554 4267 589 4322 20
604 4270 654 4336 pte
672 4270 694 4318 s
713 4268 726 4336 Η
1221 4256 1224 4261 ’
