2948 5010
596 411 832 476 -217—

243 582 394 650 Proxima
414 583 539 647 intuere
554 581 651 646 lunae
673 577 857 664 praesagia.
882 582 1027 660 quartam
1043 596 1114 642 eam
1130 580 1268 644 maxime
1284 584 1309 650 S

159 696 311 760 obseruat
327 694 504 777 Aegyptus.
528 691 556 755 si
578 695 691 755 exorta
712 707 791 773 puro
813 687 916 753 nitore
931 685 1027 770 firlsit,
1051 688 1270 766 serenitatem;

159 804 186 868 si
209 800 403 881 rubiouuda,
426 804 556 878 uentos;
580 798 607 862 si
628 798 734 882 nigra,
757 797 885 880 pluuias
907 797 1099 881 portendere
1122 797 1270 862 ereditur.

161 914 278 994 tusque
299 912 332 975 iu
355 909 465 991 quinta
485 907 610 974 deoima
625 927 744 974 eornua
760 907 828 972 eius
844 907 967 990 obtusa,
991 906 1143 991 pluuiam,
1167 912 1272 971 ereeta

161 1024 193 1083 et
214 1018 330 1083 infesta
358 1024 471 1083 uentos
493 1037 617 1101 semper
640 1016 834 1102 significant,
862 1023 975 1099 quarta
996 1023 1102 1082 tamen
1125 1017 1270 1081 maxime.
1297 1049 1309 1085 s

120 1188 124 1194 .
161 1147 260 1193 cornu
283 1126 352 1192 eius
375 1126 623 1210 septentrionale
651 1126 866 1192 acuminatum
894 1130 991 1208 atque
1018 1125 1156 1208 rigidum
1181 1126 1271 1189 illum

162 1237 324 1321 praesagit
346 1241 491 1315 uentum,
518 1235 653 1300 iuferius
679 1242 838 1313 austrum,
869 1241 1004 1317 unaque
1029 1241 1118 1301 reeta
1146 1242 1271 1302 noetem

161 1351 338 1410 uentosam.
367 1347 394 1410 si
416 1351 564 1428 quartam
587 1347 671 1411 orbis
694 1345 807 1410 rutilus
830 1346 948 1429 einget,
973 1351 1004 1409 et
1025 1349 1140 1410 uentos
1163 1352 1194 1409 et
1214 1346 1273 1408 im-

161 1456 235 1520 bres
263 1456 493 1538 praemonebit.
532 1454 619 1538 apud
641 1453 818 1521 Varronem
846 1455 891 1519 ita
919 1460 980 1520 est:
1007 1449 1049 1538 ‘si
1077 1461 1190 1535 quarto
1220 1454 1271 1520 die

162 1564 240 1629 luna
262 1564 321 1629 erit
344 1564 479 1648 direota,
503 1583 654 1645 magnam
678 1570 898 1646 tempestatem
921 1565 953 1627 in
976 1563 1058 1627 mari
1078 1564 1311 1648 p1·aesagiet,10

163 1674 224 1738 uisi
248 1673 276 1740 si
299 1694 446 1739 eoronam
470 1674 555 1739 oiroa
578 1694 614 1739 se
636 1673 766 1738 habebit
788 1681 819 1739 et
840 1695 913 1739 eam
935 1674 1100 1750 sinceram,
1124 1674 1273 1756 quoniam

163 1783 219 1848 illo
235 1763 332 1849 modo
348 1805 412 1849 non
430 1783 501 1869 [est]
526 1790 599 1847 aute
621 1783 750 1865 plenam
772 1784 881 1848 lunam
898 1783 1111 1849 hiematurum
1127 1782 1273 1847 ostendit.

165 1892 192 1957 si
215 1892 392 1976 plenilunio
415 1892 659 1976 per-dimidium
681 1912 763 1975 pura
784 1893 852 1971 erit,
876 1893 945 1958 dies
968 1911 1100 1958 serenos
1116 1890 1274 1973 signifiea-

162 2000 243 2067 bit*
257 2001 277 2042 i
291 2000 320 2067 *.
343 2005 371 2069 si
398 2004 503 2085 ealigo
531 2001 617 2066 orbis
645 2002 762 2066 nubem
784 2002 962 2097 incluserit,
991 2008 1121 2079 uentos,
1149 2021 1214 2083 qua
1238 2020 1272 2065 se

163 2112 298 2196 ruperit3
322 2113 349 2178 si
370 2113 490 2199 gemini
510 2114 604 2178 orbes
620 2111 785 2189 eluxerint,
809 2111 963 2178 maiorem
986 2116 1218 2194 tempestatem,
1242 2117 1274 2174 et
1288 2146 1311 2183 rs

164 2221 283 2306 magis,
311 2222 338 2288 si
363 2229 428 2288 tres
452 2228 544 2288 erunt
558 2221 578 2262 ’Β
592 2221 612 2262 i
626 2221 654 2285 i.
679 2241 815 2287 uasoeus
836 2223 913 2286 luna
936 2223 964 2288 si
986 2242 1084 2286 oornu
1108 2221 1274 2304 superiore

164 2332 311 2397 obatrato
332 2338 451 2415 surget,
475 2331 603 2415 pluuias
625 2333 815 2398 deoreseeus
839 2332 941 2411 dabit3
965 2332 993 2396 si
1015 2330 1176 2408 inferiore,
1200 2337 1274 2395 ante

137 2500 140 2505 ,
163 2441 390 2524 plenilunium
413 2442 440 2507 si
462 2443 496 2506 in
517 2442 624 2507 media
643 2442 772 2525 nigritia
793 2443 851 2508 illa
873 2443 977 2521 fuerit,
1000 2442 1132 2506 imbrem
1154 2441 1189 2504 in
1209 2440 1274 2522 ple-

117 2587 120 2591 *
165 2551 297 2616 nilunio.
332 2552 360 2616 si
380 2552 480 2635 plena
502 2551 587 2617 eirea
609 2572 644 2618 se
666 2551 798 2618 habebit
821 2555 945 2632 orbem,
975 2573 1016 2618 ex
1046 2573 1109 2634 qua
1130 2557 1223 2635 parte
1248 2553 1274 2615 is

165 2662 304 2727 maxime
327 2661 516 2745 splendebit,
540 2680 580 2726 ex
603 2683 642 2727 ea
664 2671 794 2727 uentum
817 2663 971 2730 ostendet.
1006 2664 1033 2728 si
1055 2664 1090 2726 in
1113 2667 1184 2726 ortu
1206 2681 1313 2732 eor-20

164 2791 231 2835 uua
253 2771 413 2835 erassiora
434 2769 560 2848 fuerint,
585 2773 746 2837 horridam
768 2779 999 2856 tempestatem.
1034 2772 1062 2837 si
1084 2777 1158 2834 ante
1181 2789 1274 2851 quar-

166 2886 230 2944 tam
246 2901 310 2945 non
325 2881 518 2964 apparuerit,
536 2888 632 2948 uento
648 2881 779 2949 fauonio
795 2883 902 2962 flante,
919 2881 1067 2947 hiemalis
1082 2887 1148 2944 toto
1164 2897 1274 2943 mense

166 2989 236 3055 erit.
259 2988 287 3054 si
309 2995 400 3055 sexta
422 2990 548 3055 deeima
561 2993 781 3059 uehementius
795 2993 946 3058 flammea
962 2990 1157 3076 apparuerit,
1181 3008 1275 3072 aspe-

202 3180 216 3232 1
236 3181 305 3231 Ptin.
324 3182 351 3229 X
356 3183 422 3231 Vll!
436 3186 490 3231 ³47
515 3176 528 3249 Η
553 3180 695 3233 Proxuma
713 3182 771 3235 sint
788 3181 847 3234 iure
866 3181 947 3235 lunae
966 3182 1115 3251 praesagia
1132 3186 1234 3235 Plinius
1258 3183 1271 3253 Η
1293 3197 1313 3245 s

165 3267 183 3320 2
202 3266 313 3334 egiptus
335 3263 348 3334 Η
369 3267 393 3320 si
413 3266 566 3336 splendens
586 3272 683 3322 exorta
695 3271 799 3320 Plinius
819 3266 833 3337 Η
852 3269 978 3337 3pluuia
995 3270 1162 3339 protendere
1183 3270 1197 3339 Η
1217 3272 1275 3326 4ἰι]

167 3353 266 3424 quinta
282 3370 385 3408 cornua
403 3354 464 3406 eius
484 3359 604 3424 optunsa
615 3359 719 3407 Plinius
738 3355 751 3424 Η
771 3356 919 3410 buenetos
939 3355 952 3426 ΙΙ
973 3359 989 3412 6
1007 3357 1083 3410 illum
1103 3363 1182 3410 idest
1199 3364 1276 3426 irpini-

167 3445 276 3508 lonr'unt,
295 3447 339 3510 qus‘
358 3449 446 3496 ututur
465 3463 479 3494 n
500 3443 741 3511 sepitentriont'bus,
761 3446 795 3508 cf.
814 3447 884 3495 Ptin.
901 3448 925 3494 X
930 3448 997 3496 Viri
1006 3453 1075 3497 ³⁵4:
1094 3459 1155 3498 enm
1174 3461 1191 3496 a
1210 3460 1273 3514 sep·

166 3529 316 3596 tentrioue,
335 3534 448 3584 uentum
467 3546 536 3583 eum.
556 3539 627 3583 recte
647 3533 731 3597 ipisus
750 3534 832 3583 inertis
852 3532 990 3583 Structius
1005 3536 1033 3582 11
1044 3537 1147 3599 ptem
1165 3531 1205 3584 ist
1223 3529 1274 3583 das

167 3616 310 3671 ndrdliehe
323 3618 403 3672 Horu
422 3618 496 3688 spitz
516 3617 571 3671 und
591 3621 671 3683 starr,
691 3633 724 3671 so
743 3617 898 3672 verluindet
916 3633 947 3672 es
967 3618 1065 3672 diesen
1077 3618 1173 3671 Wind.
1193 3621 1275 3670 ulitur

167 3708 295 3756 iudicauit
314 3709 438 3777 Sillipt'us
457 3709 473 3760 l.
494 3709 512 3759 l.
538 3705 551 3775 Η
577 3704 641 3758 ῚΠ
658 3704 721 3774 ut'ffi
740 3705 754 3775 Η
779 3707 958 3760 8υὸῒιιοεειη]
984 3705 997 3775 Η
1022 3705 1098 3759 orbis
1123 3708 1216 3756 nrlrlidi
1240 3724 1275 3758 our

166 3793 254 3842 Plinio
279 3790 292 3860 Η
318 3791 445 3860 eingebit
463 3794 564 3846 uentos
585 3791 598 3860 Η
623 3791 734 3861 ymbres
752 3780 928 3863 promouebit
947 3790 961 3861 Η
980 3794 997 3846 9
1016 3791 1089 3862 apud
1107 3791 1274 3860 Varronem]

166 3882 236 3930 Ptin.
251 3882 267 3930 l.
282 3882 298 3930 l.
312 3887 366 3930 348
384 3876 397 3948 Η
425 3881 458 3934 12
478 3884 524 3933 est
541 3899 589 3932 oni.
603 3884 708 3933 Plinius
726 3883 813 3932 delent
834 3878 846 3950 Η
867 3879 1020 3962 hiemato&
1041 3877 1054 3949 Η
1080 3880 1114 3936 13
1134 3881 1273 3950 signifiea-

165 3965 208 4018 uit
227 3965 239 4036 Η
261 3966 295 4020 14
313 3966 338 4020 si
356 3965 448 4030 rutila,
467 3971 577 4032 uentos,
597 3968 759 4037 nigrescens
778 3968 881 4022 imbres
894 3971 998 4020 Plinius
1018 3965 1032 4037 ΙΙ
1052 3967 1077 4020 si
1091 3969 1193 4038 caligo]
1206 3973 1274 4026 Plin.

167 4057 185 4105 l.
200 4056 218 4104 l.
237 4061 290 4105 349
314 4052 326 4124 Η
352 4054 377 4106 si
396 4053 490 4122 aliquo
510 4054 586 4109 orbis
612 4055 625 4125 Η
651 4072 721 4127 quos
741 4056 865 4125 eruperit
893 4054 906 4124 Η
937 4055 970 4110 15
990 4054 1020 4109 Si
1039 4064 1130 4124 genu3
1150 4055 1233 4110 orbes
1260 4055 1273 4126 Η

166 4143 201 4196 16
214 4145 262 4195 ant
280 4142 358 4210 nigri,
377 4141 525 4212 interrupti
545 4147 628 4212 atque
648 4142 785 4197 distracti.
805 4147 906 4196 Plinius
926 4141 939 4212 ΙΙ
961 4143 994 4197 ll
1007 4143 1148 4198 obatratto
1169 4142 1182 4212 Η
1203 4145 1237 4198 19
1250 4142 1274 4196 is

167 4231 261 4282 addidi
278 4247 313 4282 eu
325 4233 413 4284 Plinio
434 4227 449 4300 Η
468 4231 504 4287 20
522 4230 647 4286 ostendit
665 4229 680 4301 Η
699 4232 735 4287 22
752 4230 886 4301 hyemalis
906 4230 920 4302 Η
