2948 5010
714 419 941 484 ..130-

233 596 366 663 smana
386 584 578 666 loqueretur.
608 590 639 648 et
660 565 734 667 post
755 604 891 667 paucum
916 592 1041 671 tempus
1072 607 1142 652 oum
1163 588 1280 673 Priapo
1308 611 1385 658 oon-

273 696 406 782 tendere
429 693 534 777 coepit
557 691 598 758 de
621 692 763 757 membro
786 696 934 760 naturali.
970 697 1105 780 Priapus
1128 697 1384 781 conprehensum

273 808 400 873 asinum
422 803 545 868 occidit.
581 800 698 888 [quern]
723 801 811 866 Iouis
833 803 988 869 beneficio
1012 826 1070 871 suo
1093 812 1245 888 utrosque
1266 808 1385 874 inmor-

271 916 327 981 tali
349 914 470 979 honore
496 910 632 975 donatos
661 911 757 975 astris
784 910 899 976 intulit.
934 919 982 977 est
1009 915 1164 979 etaltera
1185 916 1275 1000 origo
1300 938 1383 1000 quae

242 1024 407 1096 sinfertur
429 1022 471 1086 ab
493 1020 575 1085 aliis.
598 1040 669 1084 cum
689 1019 845 1083 aduersus
867 1020 1014 1104 gigantes
1034 1021 1077 1085 dii
1099 1022 1219 1087 bellum
1239 1032 1383 1108 agerent,

270 1135 368 1200 Liber
390 1137 421 1195 et
435 1129 597 1196 Vulcanus
620 1134 651 1192 et
666 1128 766 1211 satyri
787 1127 887 1194 asinis
903 1129 1077 1196 insidentes
1092 1132 1228 1216 profecti
1244 1133 1288 1198 ad
1303 1154 1384 1219 pug-

271 1264 353 1309 narn.
378 1239 465 1323 quod
486 1257 588 1322 genus
611 1237 682 1302 uisu
696 1238 848 1302 tumultus
863 1237 933 1302 diro
949 1259 1019 1304 curn
1035 1230 1200 1307 murmure
1210 1244 1383 1326 rugissent,

271 1354 417 1438 gigantes
440 1367 549 1412 eorum
572 1365 653 1410 uoce
677 1345 777 1409 territi
800 1345 951 1427 fugerunt
973 1356 1005 1413 et
1020 1350 1185 1415 confestim
1207 1351 1254 1416 dii
1274 1353 1316 1418 de
1337 1356 1384 1436 gi-

272 1460 424 1544 gantibus
445 1454 729 1540 triumphauerunt.
754 1460 784 1519 et
807 1455 924 1522 idcirco
947 1477 1013 1522 una
1035 1479 1106 1523 cum
1127 1462 1299 1545 praesepio
1322 1482 1383 1528 suo

144 1580 148 1595 ’
235 1602 260 1642 ro
272 1569 368 1636 astris
395 1571 468 1632 sunt
494 1565 574 1629 illati
605 1570 636 1629 et
663 1564 696 1627 in
724 1564 815 1648 signo
844 1566 995 1633 notabilis
1023 1569 1130 1633 canori
1152 1570 1262 1653 positi,
1290 1572 1383 1640 cuius

270 1698 380 1745 cursus
403 1674 445 1740 ad
469 1694 616 1739 occasum
638 1672 748 1738 tendit.
782 1673 880 1738 habet
910 1682 1017 1740 autem
1043 1677 1152 1742 stellas
1174 1679 1209 1744 in
1231 1683 1382 1749 cornibus

244 1789 246 1794 ’
268 1786 480 1854 anterioribus
502 1782 584 1848 duas
607 1782 713 1847 claras
736 1788 767 1846 et
789 1782 869 1849 duas
885 1784 1047 1871 obscuras,
1071 1808 1154 1870 quae
1175 1782 1249 1856 ὅνοι
1271 1793 1382 1876 appel-

232 2023 434 2101 auehiculos
461 2019 574 2103 fuisse,
611 2017 726 2099 quibus
754 2020 894 2086 ascensis
923 2042 993 2086 curn
1020 2028 1130 2089 contra
1158 2025 1307 2110 gigantes
1336 2029 1381 2095 ad

268 2134 388 2200 bellurn
410 2128 623 2214 procederent
642 2133 673 2192 et
694 2127 741 2191 illi
763 2129 904 2194 naturali
926 2131 994 2195 zelo
1011 2135 1139 2199 accensi
1156 2136 1227 2200 uiso
1242 2139 1381 2204 tumultu

231 2269 254 2306 15
268 2243 338 2309 diro
361 2263 432 2308 curn
454 2257 613 2304 murmure
637 2238 805 2322 rugissent‚
829 2240 977 2323 gigantes
1000 2261 1108 2306 eorum
1127 2245 1234 2326 rugitu
1256 2253 1380 2331 perter-

267 2353 319 2416 riti
335 2350 547 2434 conpendium
571 2348 670 2429 fugae
691 2349 889 2432 arripuerint,
914 2355 944 2414 et
967 2350 1131 2415 confestim
1146 2352 1191 2417 dii
1207 2351 1247 2420 de
1263 2356 1379 2440 gigan-

267 2461 352 2526 tibus
375 2457 651 2541 triumphauerint‚
682 2467 712 2521 et
738 2457 857 2523 idcirco
888 2479 943 2524 eos
966 2479 1030 2523 una
1053 2480 1123 2553 cum
1146 2466 1295 2550 praesepi
1316 2487 1379 2533 suo
1430 2506 1433 2510 ⁴

266 2572 348 2635 inter
370 2544 458 2634 astra
480 2566 725 2631 conlocauerint.
761 2568 833 2631 talis
862 2567 990 2650 quidem
1013 2571 1116 2635 extitit
1137 2574 1303 2655 gentilium
1326 2596 1378 2642 so·

267 2679 390 2755 cordia,
421 2679 477 2758 qui
503 2677 581 2742 deos
604 2696 680 2741 suos
701 2696 766 2740 non
788 2678 925 2761 propriis
947 2679 1044 2742 armis
1065 2700 1127 2745 neo
1148 2682 1284 2766 uiribus,
1315 2686 1378 2750 sed

227 2814 254 2853 ro
266 2788 427 2854 asinorum
443 2786 599 2870 rugitibus
615 2785 749 2870 adeptos
764 2786 863 2851 fuisse
881 2786 1093 2871 opinabantur
1115 2790 1293 2855 uictoriam.
1317 2793 1379 2858 ha·

263 2898 318 2962 bet
339 2896 449 2961 stellas
471 2882 505 2959 in
527 2902 608 2960 testa
630 2894 815 2977 splendidas
839 2894 934 2973 duas,
963 2897 997 2960 in
1026 2897 1152 2963 duobus
1174 2899 1296 2965 dextris
1318 2921 1376 2985 pe·

263 3005 358 3070 dibus
380 3005 414 3068 in
436 3023 629 3084 unoquoque
652 2991 765 3083 unam,
793 3005 827 3068 in
849 3005 976 3069 sinistro
1000 3006 1107 3090 priore
1130 3008 1225 3086 duas,
1254 3009 1288 3074 in
1311 3016 1376 3077 tor·

224 3272 245 3320 S
298 3271 315 3324 2
334 3269 443 3339 cepitS
464 3267 477 3338 Η
496 3269 607 3323 mbroS
627 3268 641 3340 Η
662 3269 851 3340 conphensum
869 3274 890 3323 S
910 3269 924 3341 Η
944 3287 1134 3342 compressum
1157 3278 1179 3327 V
1199 3273 1213 3343 Η
1232 3276 1250 3329 3
1268 3276 1376 3331 occisit

260 3359 281 3408 S
300 3353 314 3425 Η
335 3372 417 3424 quern
431 3375 477 3413 om.
495 3361 614 3410 Vrleluut
635 3357 648 3428 Η
669 3357 747 3411 Iouis
767 3360 859 3435 autem
878 3358 1015 3413 beneficio
1034 3360 1122 3430 utriq;
1147 3367 1169 3413 V
1188 3359 1201 3431 Η
1222 3361 1374 3418 immortali

264 3448 287 3497 V
311 3442 324 3514 Η
350 3442 483 3498 4donati
503 3444 571 3496 astri
590 3447 655 3498 sunt
673 3444 746 3497 illati
770 3450 792 3496 V
820 3443 833 3515 Η
862 3438 972 3514 equod
992 3462 1053 3499 cnm
1077 3446 1131 3517 Vll
1153 3453 1291 3517 gygantes
1315 3456 1339 3504 V
1358 3452 1372 3522 Η

260 3530 396 3598 eligerent
413 3533 434 3582 S
454 3527 466 3599 Η
487 3532 503 3584 6
523 3529 547 3599 Ἠ·
568 3531 656 3584 Liber
674 3535 694 3583 S
714 3531 728 3602 Η
754 3532 828 3584 idern
847 3532 934 3585 Liber
958 3538 980 3584 V
1002 3532 1015 3602 Η
1042 3533 1154 3587 satirica
1172 3538 1222 3601 SV
1240 3534 1254 3606 Η
1281 3536 1374 3592 asinis

259 3620 358 3667 unstrut
380 3620 400 3666 S
426 3614 438 3686 Η
463 3617 584 3686 profecti
602 3622 667 3671 sunt
690 3623 711 3670 V
735 3617 747 3688 Η
775 3619 872 3672 luiso
889 3619 1008 3671 tumultu
1032 3625 1053 3671 V
1078 3619 1090 3690 Η
1117 3623 1289 3690 8gy'gantes
1313 3628 1337 3676 V
1356 3622 1370 3694 Η

238 3701 425 3770 gygantibus
450 3708 471 3754 V
489 3703 502 3773 Η
523 3707 539 3759 9
558 3705 662 3758 iccirco
687 3710 708 3756 V
727 3703 740 3773 Η
760 3711 814 3757 una
831 3708 852 3757 S
874 3705 886 3774 Η
906 3705 1039 3774 presepio
1058 3710 1107 3760 SV
1128 3705 1142 3776 Η
1168 3709 1202 3762 12
1221 3710 1371 3764 antenori-

257 3788 310 3841 bus
330 3808 379 3841 om.
398 3795 421 3841 V
438 3788 450 3858 Η
472 3798 565 3851 ΟΝΟΙ
587 3795 608 3844 8
627 3796 678 3843 loc.
693 3793 789 3858 praet.
814 3797 837 3843 V
854 3789 866 3860 Η

220 3958 243 4005 G
291 3952 325 4007 13
342 3951 478 4004 uehiculis
499 3955 537 4004 0⁶
548 3961 611 4004 cole
622 3971 691 4006 corr.
706 3951 742 4005 6⁶
763 3952 777 4022 Η
798 3954 832 4008 14
849 3953 911 4006 uiso
933 3955 971 4004 θα
982 3966 1045 4009 uoto
1057 3975 1124 4010 corr.
1139 3956 1175 4010 θ’
1196 3956 1211 4028 Η
1231 3960 1265 4015 15
1283 3937 1369 4030 rigis·

255 4042 320 4090 senc
334 4040 373 4090 oa
392 4037 404 4107 Η
426 4032 687 4109 recorporare»
708 4040 721 4110 Η
741 4041 805 4107 fuge
822 4040 860 4090 o«
881 4040 892 4106 Η
914 4041 947 4094 rr
967 4056 1016 4094 eos
1037 4060 1084 4093 om.
1103 4044 1193 4096 <run¹
1206 4049 1268 4100 auu.
1284 4047 1335 4100 σι’
1354 4049 1368 4119 Η

255 4124 289 4181 18
302 4123 479 4178 -conlocauei
496 4129 534 4178 6⁰
554 4122 567 4196 Η
589 4126 806 4183 conlocauerunt
824 4127 1022 4179 antecursor
1043 4128 1056 4198 Η
1078 4129 1170 4184 estitit
1189 4135 1214 4186 G
1232 4131 1248 4204 Η
1270 4149 1368 4190 socor-

255 4208 300 4261 dis
321 4213 344 4263 G
365 4210 378 4280 Η
398 4211 431 4264 21
452 4199 528 4275 testo
551 4214 574 4264 G
594 4212 608 4283 Η
628 4217 706 4269 texto
727 4215 805 4270 gago
826 4212 839 4282 Η
859 4214 894 4267 22
913 4211 1048 4283 unoquod
1066 4218 1089 4267 G
1109 4215 1123 4287 Η
