2948 5010
598 420 833 490 -171-

158 591 281 676 sophus
309 595 356 658 ait
384 591 474 680 [qui]
500 591 539 657 de
568 592 754 658 animalium
781 594 920 674 ratione,
950 595 1093 660 retineat.
1129 595 1309 678 antiqui-S

158 709 211 768 tus
242 709 364 783 autem,
393 703 440 767 itu
463 701 647 780 dicebatur,
674 702 708 765 in
735 702 843 768 insula
867 705 948 770 Lero
978 703 1099 768 nullum
1125 705 1269 788 leporem

159 813 270 878 fuisse.
313 812 371 877 sed
406 832 446 876 ex
480 830 591 876 eorum
621 811 751 876 ciuitate
780 811 971 878 adolescens
1002 812 1133 896 quidam
1163 817 1269 882 studio

161 920 289 1008 generis
312 922 354 986 ab
377 921 494 1005 exteris
518 920 644 1008 [terris]
669 920 784 986 finibus
813 920 954 1005 leporem
981 922 1133 987 feminam
1155 945 1269 1011 praeg-

161 1036 292 1099 nantem
315 1029 449 1095 adduxit
472 1031 568 1095 etad
590 1031 657 1096 eius
673 1037 799 1115 partum
814 1029 1066 1116 diligentissime,
1090 1053 1173 1114 quae
1190 1055 1270 1118 opus
1296 1061 1308 1097 1

162 1145 278 1225 essent,
303 1138 549 1204 administrauit.
575 1140 683 1222 itaque
706 1160 777 1206 oum
800 1141 985 1224 peperisset,
1011 1140 1065 1229 [et]
1090 1143 1270 1226 complures

163 1251 234 1316 eius
257 1249 395 1313 ciuitatis
418 1248 462 1313 ed
483 1251 565 1315 idern
587 1248 738 1314 incidisse
760 1255 792 1314 et
812 1255 937 1333 partem
959 1249 1060 1333 pretio
1076 1257 1201 1334 partem
1215 1253 1272 1317 be-

162 1359 276 1426 neficio
304 1362 461 1424 mercatos
492 1377 572 1424 esse.
608 1377 718 1423 omnes
748 1358 877 1441 lepores
904 1360 993 1424 alere
1020 1367 1204 1442 coeperunt.
1240 1365 1271 1425 et

161 1490 227 1535 non
249 1470 345 1552 longo
369 1467 540 1533 interuallo
563 1472 686 1532 tantam
708 1468 941 1532 multitudinem
962 1468 1109 1552 leporum
1124 1489 1271 1553 procrea·

160 1586 242 1663 tam,
270 1583 304 1641 ut
330 1577 437 1642 insule
464 1578 505 1641 eb
537 1576 585 1642 eis
607 1581 765 1659 occupate
787 1576 956 1640 uideretur.
991 1577 1201 1658 quibuscum
1224 1578 1271 1642 nil
1286 1608 1309 1647 ro

162 1689 293 1753 deretur
315 1686 357 1751 ad
380 1684 648 1764 manducandum,
670 1685 790 1768 impetu
813 1684 901 1749 facto
924 1686 1032 1750 omnia
1054 1685 1270 1752 comederunt.

163 1817 227 1880 quo
253 1795 340 1861 iacto
368 1795 505 1859 insulem
533 1795 702 1860 calamitas
730 1793 854 1860 afflixit.
887 1794 995 1877 itaque
1016 1800 1130 1880 postea
1152 1796 1271 1879 leporis

162 1907 298 1992 figuram
326 1906 360 1969 in
383 1903 477 1968 astris
499 1903 717 1983 constituisse,
745 1910 780 1968 ut
806 1903 953 1969 homines
979 1904 1199 1970 meminissent
1226 1904 1271 1969 nil

162 2040 228 2082 csse
251 2029 314 2080 tons
335 2014 386 2079 his
409 2012 625 2097 exoptandum
648 2012 681 2076 in
703 2014 781 2097 uita,
805 2018 882 2100 punit
904 2013 932 2078 si
953 2012 1129 2079 insolenter
1143 2021 1271 2079 utantur

163 2151 203 2192 ec
225 2149 259 2191 eo
280 2123 353 2208 plus
376 2121 506 2199 doloris,
530 2143 625 2203 quam
640 2123 785 2188 laetitiae
802 2143 915 2206 capere
930 2125 1089 2208 posterius
1105 2130 1269 2206 cogantur.
1286 2110 1308 2194 u

163 2234 259 2299 habet
281 2231 390 2299 stellas
412 2232 447 2295 in
469 2230 605 2312 singulis
628 2233 757 2297 auribus
780 2233 939 2316 singulas,
965 2233 999 2297 in
1027 2239 1155 2317 pectore
1178 2232 1269 2317 dues,

162 2343 197 2406 in
220 2342 316 2408 dorso
339 2341 471 2406 nitidam
493 2362 606 2425 unam,
636 2341 670 2406 in
697 2342 929 2427 posterioribus
956 2341 1092 2425 pedibus
1116 2341 1269 2427 singulas.

161 2456 236 2518 sunt
257 2471 366 2516 omnes
390 2457 521 2535 septem.

246 2564 289 2628 Vt
310 2583 381 2627 cum
404 2562 588 2650 decurrens]

164 2778 352 2845 animalium
374 2778 509 2858 ratione,
532 2777 677 2843 retineat.
699 2774 798 2877 lrabet
813 2775 940 2858 quidem
957 2776 1068 2841 stellas
1084 2776 1117 2840 in
1133 2777 1308 2859 singulis&

160 2890 292 2956 auribus
315 2888 469 2970 singulas.

196 3135 211 3189 1
230 3131 354 3186 retinuet
371 3132 391 3182 S
412 3127 425 3198 Η
446 3127 579 3182 disseruit
600 3133 623 3180 V
645 3127 658 3199 Η
683 3129 805 3182 retineat
823 3129 903 3180 schot.
922 3130 1062 3194 Sanperm.
1088 3126 1101 3199 Η
1125 3128 1202 3182 sita
1220 3145 1310 3193 oms

166 3226 187 3274 V
206 3218 219 3290 Η
239 3219 258 3274 4
274 3217 358 3272 terris
376 3219 523 3269 SVdeleot
544 3213 557 3287 Η
577 3215 678 3270 finibus
698 3235 747 3269 ons.
766 3220 789 3267 V
807 3213 820 3284 Η
842 3214 991 3268 foeminam
1014 3219 1036 3266 V
1054 3212 1068 3285 Η
1088 3220 1271 3285 pregnantem

160 3313 208 3362 SV
228 3305 241 3378 Η
260 3306 278 3362 5
295 3309 316 3374 sp
335 3320 405 3375 opus
426 3306 472 3359 e”et
491 3307 511 3354 S
537 3303 550 3375 Η
575 3306 591 3360 6
611 3303 836 3357 administrasset
854 3307 875 3354 S
897 3301 909 3372 Η
929 3301 1144 3357 amministruuit
1168 3309 1188 3356 V
1207 3303 1221 3374 Η
1242 3309 1272 3358 et

161 3414 209 3448 orn.
235 3398 360 3446 Vdsleui
382 3393 394 3465 Η
416 3397 431 3449 7
450 3394 524 3448 idem
544 3396 636 3445 addidi
656 3410 691 3444 esc
710 3395 815 3457 prioo
835 3387 849 3459 Η
870 3389 1030 3443 incendisse
1050 3393 1070 3441 S
1092 3389 1105 3460 Η
1125 3391 1266 3446 incendis-

162 3485 207 3536 set
229 3488 252 3535 V
271 3481 284 3551 Η
303 3483 404 3552 purtim
423 3482 520 3553 precio
539 3480 640 3551 partim
659 3478 798 3532 beneficio
818 3478 933 3531 mercati
951 3479 999 3530 e‘et
1022 3482 1044 3529 V
1062 3477 1074 3546 Η
1100 3479 1118 3532 8
1136 3483 1271 3548 oeperunt

160 3573 180 3622 S
200 3567 214 3641 Η
236 3572 266 3622 et
283 3585 339 3623 non
351 3599 381 3607 --
393 3569 534 3623 uideretur
549 3588 598 3621 oon.
617 3573 639 3620 V
658 3565 670 3637 Η
690 3568 724 3623 10
737 3565 804 3619 nihil
822 3570 844 3617 V
863 3563 875 3634 Η
898 3566 931 3619 11
945 3564 1139 3620 smederunts
1160 3562 1172 3634 Η
1194 3567 1227 3620 13
1240 3565 1269 3619 in

161 3677 209 3714 om.
228 3663 251 3710 ν
269 3655 282 3728 Η
303 3657 490 3711 contulissent
508 3661 529 3709 s
549 3654 562 3725 Η
584 3655 761 3709 consuler-uns
785 3659 805 3706 r
826 3652 838 3724 Η
859 3632 928 3706 nis
948 3651 961 3722 Η
981 3652 1050 3705 nnn
1074 3650 1127 3723 νΗ
1153 3653 1188 3707 14
1206 3669 1270 3708 esse

161 3749 218 3799 tum
238 3755 264 3798 et
284 3745 351 3815 quin
375 3755 401 3798 et
426 3761 461 3798 ex
480 3761 513 3798 eo
534 3748 626 3796 addidi
646 3761 681 3794 erc
700 3745 805 3809 prioo
834 3741 847 3812 Η
875 3745 987 3796 utantur
1004 3741 1048 3795 uis
1068 3741 1198 3807 (cornero
1215 3742 1271 3811 ius)

161 3832 266 3887 doloris
287 3850 305 3904 q
324 3831 415 3885 letitie
433 3835 454 3884 S
481 3831 494 3901 Η
519 3834 632 3885 utantur
649 3830 742 3884 letitia
761 3847 814 3900 qus
834 3829 958 3883 dolorem
982 3836 1004 3883 V
1028 3829 1041 3900 Η
1067 3831 1100 3885 16
1119 3828 1205 3882 hebet
1224 3845 1271 3882 eu·

160 3924 217 3973 tem
241 3919 294 3990 Vll
316 3919 444 4004 menibus
464 3918 575 3972 auribus
600 3923 622 3970 V
646 3919 658 3987 Η
686 3919 720 3973 18
738 3922 803 3971 sunt
821 3920 913 3970 sutem
937 3922 959 3969 V
982 3916 994 3986 Η
1020 3918 1054 3971 19
1075 3922 1163 3969 Germ.
1182 3927 1270 3970 347-

159 4011 252 4059 ssos
274 4005 286 4076 Η

195 4144 231 4201 20
248 4144 361 4214 quidam
382 4141 430 4198 0⁶¹
460 4142 473 4214 Η
506 4142 605 4197 stellas
624 4162 673 4199 om.
695 4141 743 4198 0¹³¹
778 4142 791 4215 Η
822 4145 857 4200 21
880 4142 1010 4199 LEPVS
1034 4147 1130 4198 addito
1153 4145 1269 4211 imopt'nc
1285 4155 1308 4202 a

162 4230 267 4286 wei
288 4230 302 4303 Η
