2948 5010
713 446 862 512 -·102
907 481 944 494 -

364 618 425 684 Hic
448 617 552 703 prior
575 615 703 695 dicitur,
733 615 809 697 quic
824 618 922 702 prior
943 614 1042 679 oritur
1064 635 1160 699 quam
1183 616 1311 682 maior
1334 637 1393 684 ca-

277 730 353 808 nis,
386 728 440 810 qui
463 726 591 792 Orionis
613 727 702 792 canis
725 724 839 788 dicitur
862 723 954 806 eique
977 724 1142 809 tributum,
1173 726 1261 809 quod
1282 729 1390 796 studio

278 836 419 905 uenandi
442 842 490 904 est
512 834 647 924 deditus.
672 834 713 900 cb
730 833 814 917 quod
829 853 918 898 ursa
933 833 963 898 ei
978 834 1124 917 proxima
1138 840 1229 918 paret
1251 841 1283 901 et
1305 837 1392 905 aliae

277 948 410 1014 bestiae.
433 946 531 1012 habet
554 944 664 1009 stellae
685 933 732 1022 111⁴,
756 968 821 1008 aaa
843 943 950 1009 oanis
973 943 1079 1026 prior
1102 947 1151 1007 est
1173 949 1205 1008 et
1224 942 1313 1009 idem
1335 968 1394 1031 pa-

254 1062 327 1122 sret
347 1060 382 1119 ut
405 1054 513 1120 oanis
535 1052 665 1117 maior.
696 1052 769 1118 ideo
793 1059 824 1117 et
846 1072 1021 1136 procyon
1042 1058 1184 1137 uocatur,
1209 1053 1295 1135 quod
1318 1063 1395 1125 ante

279 1168 432 1232 maiorem
460 1162 586 1228 oriatur.
619 1159 716 1226 †haec
744 1180 825 1243 quae
848 1168 922 1226 aunt
944 1161 1056 1227 stellae
1079 1162 1120 1225 ob
1143 1161 1311 1244 signorum
1335 1167 1396 1232 cir-

280 1275 353 1341 cula
376 1292 508 1356 quarum
533 1269 604 1336 sola
625 1271 805 1354 appellatur
827 1270 862 1334 in
883 1293 930 1334 xn
950 1272 1131 1358 mensibus,
1156 1272 1243 1356 quod
1266 1277 1299 1338 et
1321 1272 1396 1359 ipsa

279 1407 327 1447 xrr
349 1383 421 1449 sint.

366 1490 515 1572 Quinque
538 1488 621 1554 aliae
642 1488 767 1567 stellae]

242 1629 268 1668 ιο
366 1602 417 1667 De
436 1598 576 1682 quinque
599 1597 711 1677 stellis,
735 1618 814 1680 quae
837 1598 1018 1681 planetas
1040 1605 1158 1666 uocant
1176 1601 1217 1667 ob
1237 1601 1397 1669 adsiduos

280 1732 388 1778 earum
417 1715 531 1774 motus.
563 1708 703 1792 quinque
731 1706 800 1773 deis
830 1705 1090 1792 adsignauerunt.
1125 1708 1168 1776 de
1195 1708 1248 1776 hio
1269 1710 1397 1778 Phae-

278 1842 366 1900 nou,
391 1838 485 1902 quem
507 1816 694 1884 Heraclides
709 1817 859 1882 Ponticus
881 1815 976 1882 refert
991 1844 1011 1882 a
1025 1817 1215 1885 Prometheo
1238 1820 1396 1905 pulcher-

279 1930 395 1995 rimum
409 1928 516 1992 fictum
530 1927 700 1991 homiuem.
726 1945 819 2019 quem
835 1945 906 1990 oum
929 1927 1099 1993 occulisset
1121 1933 1153 1992 et
1168 1928 1294 2013 Cupido
1317 1950 1396 1996 eum

279 2038 351 2104 Ioui
372 2037 562 2115 iudicasset,
590 2035 675 2101 misit
697 2039 725 2100 r’s
747 2035 951 2114 Mercurium,
983 2036 1036 2117 qui
1065 2055 1138 2100 eum
1160 2042 1325 2120 tamquam
1347 2039 1397 2106 ad

242 2179 266 2217 ιε
279 2147 538 2214 inmortalitatem
564 2150 705 2211 uocaret.
737 2144 791 2227 qui
818 2164 884 2209 non
910 2151 984 2210 aute
1006 2144 1119 2209 adnuit
1140 2166 1236 2229 quam
1257 2148 1395 2231 potione

279 2262 425 2341 accepta.
465 2257 555 2322 caelo
589 2258 738 2338 receptus
771 2254 945 2319 honoratus
978 2259 1035 2319 eat.
1074 2254 1180 2322 Iouis
1215 2264 1266 2323 est
1298 2259 1397 2325 stella

279 2468 295 2520 1
315 2464 418 2518 dicitur
430 2464 514 2515 omn
536 2459 549 2532 Η
570 2461 618 2531 qui
636 2461 722 2514 oritur
736 2464 783 2513 ΑΡ
802 2458 815 2530 Η
836 2461 901 2530 quia
919 2462 1006 2516 oritur
1019 2465 1181 2523 Setucicct.
1203 2468 1217 2542 Η
1237 2469 1286 2539 qui
1304 2470 1396 2526 oritur

278 2553 356 2623 priua
376 2565 488 2620 quamn
512 2546 528 2619 Η
553 2548 619 2618 quia
636 2547 712 2617 prior
731 2546 817 2599 oritur
835 2552 931 2615 scripsi
957 2548 971 2619 Η
997 2552 1062 2605 3et
1080 2554 1128 2605 ΑΡ
1150 2551 1164 2625 Η
1192 2560 1266 2612 θεῖε
1288 2554 1301 2629 Η
1325 2572 1396 2613 ma

280 2646 375 2689 contro
396 2636 456 2689 Cot.
470 2639 551 2686 xc11
568 2637 615 2686 καὶ
632 2632 686 2703 γὰρ
705 2633 827 2702 Λαγωός
845 2633 977 2706 ἐχόμενος
1001 2635 1015 2707 Η
1040 2642 1070 2691 θῖ
1087 2641 1135 2692 ΑΡ
1158 2639 1170 2712 Η
1199 2643 1225 2695 ei
1244 2660 1256 2697 ε
1277 2640 1291 2714 ΙΙ
1316 2643 1394 2698 aliae

277 2723 411 2778 bestiaA
440 2721 454 2794 Η
480 2721 536 2776 alia
553 2721 647 2775 bestie
664 2724 687 2772 P
704 2721 949 2776 corotichouboch.
977 2720 990 2793 Η
1015 2725 1105 2779 4una
1124 2730 1218 2782 addidi
1237 2747 1272 2782 ea·
1294 2731 1356 2787 Cot.
1378 2730 1393 2802 Η

278 2812 357 2867 ctrina
376 2812 453 2882 prior
465 2814 513 2863 ΑΡ
531 2807 544 2880 Η
565 2809 642 2863 canis
661 2806 737 2879 prior
754 2811 850 2875 scripsi
871 2806 885 2878 Η
906 2811 935 2860 et
953 2809 1043 2864 eidem
1057 2815 1102 2865 ΑΡ
1120 2812 1134 2883 Η
1154 2817 1184 2868 et
1200 2815 1275 2870 idem
1293 2821 1394 2885 scripsi

278 2897 293 2970 Η
313 2915 398 2970 pares
418 2902 463 2950 ΑΡ
480 2916 550 2951 corr.
570 2897 681 2949 Setuci.
708 2893 721 2966 Η
750 2894 928 2964 5prochyon
946 2900 994 2947 ΑΡ
1023 2898 1036 2968 Η
1065 2899 1231 2956 6maiorem
1250 2903 1312 2958 oria
1329 2907 1354 2956 Δ
1377 2903 1391 2975 Η

277 3019 410 3072 maiorem
430 3018 529 3072 oriaP
553 3015 566 3088 Η
596 3018 700 3071 oriatur
718 3034 740 3069 ε·
757 3013 769 3088 Η
795 3015 894 3071 stellae
914 3035 962 3073 cm.
982 3023 1005 3070 P
1028 3016 1040 3089 Η
1066 3019 1209 3075 circulari
1239 3020 1255 3093 Η
1284 2994 1394 3095 circula}

277 3110 300 3157 P
327 3103 341 3177 Η
370 3104 652 3175 haec-appellatur
669 3122 704 3157 ear
724 3105 785 3157 Cot.
809 3101 841 3156 τὰ
867 3102 899 3155 δὲ
921 3101 989 3175 μετὰ
1012 3107 1097 3158 ταῦτα
1120 3101 1207 3177 ἄστρα
1230 3113 1338 3179 γίνεται
1361 3113 1394 3167 ἓν

276 3194 313 3259 τῷ
338 3191 463 3258 {micauri
487 3191 590 3259 κύκλῳ,
615 3188 648 3246 ὃν
670 3187 683 3244 ὁ
708 3187 782 3258 ἥλιος
806 3187 1000 3262 διαπορεύεται
1023 3197 1081 3261 fere
1105 3198 1145 3247 ita
1170 3198 1310 3264 legendum
1332 3209 1392 3254 eat:

277 3278 401 3348 reliquae
421 3282 486 3332 sunt
504 3278 604 3333 stellae
624 3279 659 3333 ob
680 3279 822 3348 signorum
840 3275 987 3343 circulum,
1008 3295 1090 3349 quem
1114 3281 1158 3334 sol
1175 3282 1354 3352 perambulet
1374 3285 1390 3357 Η

276 3366 401 3437 reliquae
415 3366 521 3420 suntin
534 3367 675 3435 signorum
688 3365 792 3420 circulo
806 3380 887 3434 quem
900 3365 944 3418 sol
955 3367 1093 3436 percurrit
1105 3369 1269 3424 Sctocbcct.
1283 3368 1299 3441 Η
1318 3370 1393 3428 hmo

276 3469 347 3524 quae
366 3457 431 3506 sunt
445 3450 567 3525 [stellae]
583 3452 730 3508 duodecim
749 3452 830 3521 signa
849 3451 899 3506 Sol
918 3453 1022 3507 circulo
1041 3472 1053 3507 ε
1074 3453 1088 3524 Η
1109 3456 1125 3511 7
1143 3456 1206 3527 ipse
1224 3459 1273 3509 ΔΡ
1290 3454 1306 3529 Η
1324 3458 1394 3529 ipsc

277 3541 439 3595 seconiaco.
460 3538 474 3611 Η
496 3541 687 3607 epraeceomu
704 3543 792 3592 Germ.
807 3546 982 3592 rum-4³9
1001 3539 1014 3611 Η
1035 3543 1070 3598 10
1084 3545 1144 3596 Cot.
1159 3547 1256 3596 XLIII
1274 3548 1347 3613 Hyp.
1360 3550 1392 3599 P.

274 3630 306 3680 Α.
319 3630 350 3677 11
358 3633 393 3678 42
406 3631 422 3677 1
426 3632 449 3680 V
459 3636 562 3679 16—19
581 3626 596 3698 Η
616 3644 670 3699 que
684 3629 732 3678 ΑΡ
742 3645 811 3681 corr.
823 3627 987 3681 seruauerat.
1009 3628 1022 3699 Η
1042 3627 1074 3682 11
1095 3627 1156 3683 dies
1169 3631 1217 3682 Ar
1235 3627 1249 3701 Η
1270 3630 1334 3687 deis
1348 3632 1391 3708 εΗ

275 3712 309 3766 de
327 3713 372 3767 his
391 3714 426 3784 he
444 3731 499 3768 non
520 3730 573 3784 que
587 3719 633 3767 ΑΡ
651 3713 664 3785 Η
686 3713 721 3766 de
739 3713 783 3767 hia
801 3713 890 3784 prima
907 3714 1044 3768 Phaenon
1064 3715 1166 3770 dicitur
1184 3716 1267 3788 qu'em
1285 3721 1391 3775 Seiou-

274 3802 346 3857 lmct.
367 3799 381 3871 Η
403 3800 437 3854 de
450 3801 495 3855 his
508 3801 645 3856 Phaenon
659 3816 740 3870 quem
753 3805 849 3868 scripsi
870 3799 884 3870 Η
905 3801 939 3855 12
958 3818 976 3854 a
994 3805 1087 3856 uertici
1100 3823 1156 3856 eom
1170 3806 1354 3860 Schocbcchr'o
1376 3809 1391 3881 Η

273 3889 307 3944 13
326 3888 429 3942 factum
448 3899 511 3942 onte
530 3892 635 3944 carad
657 3897 726 3940 reste
739 3891 838 3940 Kiessl.
859 3885 873 3957 Η
894 3890 923 3939 ct
940 3887 1010 3942 uitio
1030 3893 1078 3941 ΑΡ
1096 3888 1110 3961 Η
1129 3907 1191 3945 eum
1209 3892 1272 3946 Ioui
1289 3899 1393 3964 scripse·

272 3974 334 4028 Ioui
352 3976 513 4029 Schuccboch.
543 3975 557 4046 Η
587 3980 616 4030 et
633 3976 704 4030 uitia
723 3979 851 4040 (lacunae
869 3980 946 4042 siprro
966 3985 1029 4029 uate
1049 3979 1078 4029 et
1096 3977 1198 4048 cupido
1217 3982 1319 4049 posito)
1339 4000 1354 4037 ε
1374 3981 1390 4055 Η

271 4066 396 4116 excidere
409 4072 536 4131 poteraut
555 4063 684 4136 Iuppiter
701 4064 836 4132 uirginem
854 4061 922 4131 fingi
940 4063 1023 4118 iussit
1041 4080 1112 4134 quae
1125 4065 1283 4121 hominibus
1302 4067 1388 4125 affer-

270 4154 315 4203 ret
331 4150 443 4205 thecam
461 4149 490 4204 in
510 4168 565 4222 quc
582 4152 693 4206 inerant
711 4169 723 4205 ε
748 4151 761 4222 Η
792 4154 827 4209 14
843 4149 959 4204 missum
977 4153 1141 4206 stauriaco.
1165 4152 1181 4224 Η
1205 4153 1231 4208 ir
1251 4158 1349 4211 addidi
1374 4157 1390 4229 Η

269 4242 401 4310 tanquam
419 4244 442 4291 P
459 4237 473 4311 Η
494 4237 528 4293 15
547 4239 644 4292 annuit
663 4244 684 4291 Ρ
701 4238 715 4310 Η
735 4238 876 4309 positione
896 4237 1057 4291 Setouboct.
1073 4236 1091 4309 Η
1112 4239 1146 4296 16
1166 4244 1211 4297 est
1229 4260 1280 4300 om.
1297 4245 1321 4297 Δ
1343 4242 1360 4319 Η
