2948 5010
728 388 989 460 -384

228 588 268 628 cas
283 585 348 648 qua
370 566 456 630 senis
478 565 630 647 aequorei
652 564 745 648 natis,
770 583 840 628 cum
861 565 956 628 litore
980 561 1111 627 Canchli

187 703 194 710 ·
281 673 421 738 Doridos
444 679 475 738 ct
497 674 646 758 Panopes
669 678 844 755 spectasset
866 675 964 738 stulta
987 673 1130 738 choreas.

283 783 340 847 illa
362 783 429 847 abit
451 803 581 861 oceano,
604 783 701 848 totius
724 787 810 846 sorta
832 798 968 845 coronae

282 891 316 956 in
338 892 462 956 caelum
484 888 629 972 redeunt,
653 895 752 953 totum
775 909 810 955 se
832 889 946 954 hberat
967 888 1098 974 hydrus.

285 1000 430 1065 cruribus
452 1004 598 1081 expectat
620 998 747 1076 Chiron,
772 997 938 1063 obscurior
960 1018 1046 1078 arcu,

135 1098 137 1103 ’
231 1130 417 1194 crocorpore
440 1111 504 1174 iarn
526 1115 591 1173 toto
614 1113 707 1173 uasto
731 1108 789 1172 sub
813 1107 932 1171 uertice
956 1107 1070 1174 clarus.

285 1228 350 1286 turn
373 1219 451 1298 fera,
476 1239 570 1301 quam
594 1215 706 1281 dextra
727 1220 833 1300 portat
856 1217 1043 1296 Centaurus,
1066 1220 1099 1284 in
1122 1212 1216 1288 auras
1255 1201 1262 1215 ’

286 1329 375 1396 exilit
397 1334 428 1395 et
450 1327 545 1394 claris
567 1327 708 1409 aperitur
730 1324 866 1390 flexibus
889 1325 1018 1407 anguis3

285 1439 493 1519 innixumquc
516 1456 600 1518 genu
622 1436 717 1499 laeua
739 1434 843 1510 minus
866 1453 1008 1516 aequora
1029 1434 1161 1502 lincunt.

371 1546 413 1611 At
435 1566 507 1611 curn
528 1544 631 1628 prima
653 1543 738 1609 subit
759 1541 858 1607 facies
880 1545 1062 1611 remeabilis
1083 1566 1221 1628 arcus„

236 1657 352 1721 oreiam
374 1655 459 1720 sicca
480 1673 600 1719 oceano
624 1650 742 1716 Chiron
764 1650 905 1734 pernicia
926 1673 1020 1718 crura

289 1766 410 1850 expulit
433 1771 463 1829 et
486 1761 580 1827 celsis
604 1760 784 1845 ophiuchos
806 1759 907 1842 fulget
927 1760 961 1824 in
983 1762 1088 1827 astris.

287 1875 331 1939 nil
354 1873 450 1938 trahit
471 1874 641 1938 obscurum
665 1889 797 1953 serpens
820 1874 852 1933 ct
872 1875 985 1936 trunca
1007 1879 1136 1955 recepta

287 1983 404 2049 desinit
426 2002 497 2048 esse
520 1999 617 2045 manu
638 1979 791 2044 membris
813 1978 966 2045 deformis
988 1979 1105 2064 imago.

288 2091 351 2155 iarn
375 2093 446 2176 lyra
468 2112 538 2158 curn
562 2086 687 2173 superis
710 2093 741 2153 et
763 2089 860 2172 cygni
881 2089 1013 2155 dextera
1033 2110 1149 2174 penna,

141 2278 145 2285 Ι
237 2221 277 2260 asc
291 2199 373 2264 radit
394 2201 540 2266 tellurem
562 2197 689 2263 rediens
713 2217 784 2261 cum
806 2197 912 2264 sidere
935 2199 1090 2284 Cepheus.

287 2315 355 2373 tum
378 2310 466 2374 canis
488 2307 656 2374 abscondit
677 2307 773 2370 totius
795 2308 938 2390 corporis
959 2309 1043 2390 ignis

290 2423 322 2482 et
344 2419 420 2482 latet
444 2416 543 2482 Orion
565 2422 596 2481 ct
618 2435 743 2498 semper
765 2420 851 2478 tutus
872 2415 905 2479 in
929 2415 1023 2481 undis

288 2533 336 2591 est
358 2528 450 2610 lopus
472 2528 664 2607 Argoaeque
686 2524 772 2607 ratis,
797 2543 860 2606 qua
881 2522 988 2590 flexile
1011 2525 1136 2609 signum

286 2635 319 2698 in
341 2634 473 2718 puppim
494 2632 657 2710 formatur,
681 2632 785 2697 adhuc
806 2633 966 2717 aplustria·
982 2635 1097 2701 lucent.

195 2751 199 2765 '
237 2742 441 2828 aamergitur
464 2748 494 2807 et
515 2743 652 2807 Perseus
674 2747 705 2805 et
728 2762 843 2826 caprae
865 2743 973 2809 nobile
995 2744 1110 2809 lumen.

287 2964 339 3020 665
357 2964 434 3019 01000
453 2969 477 3017 Β
498 2960 513 3033 Η
533 2962 610 3017 00010
631 2967 743 3018 Grotius
763 2964 776 3035 Η
797 2966 891 3020 cancri
904 2969 929 3020 Β
948 2965 961 3040 Η
983 2966 1099 3024 Canchli
1120 2975 1232 3025 Grotius
1251 2977 1398 3042 resptclem

288 3054 358 3103 Ptin.
376 3071 403 3103 c.
418 3052 444 3103 t.
463 3055 484 3104 V
494 3050 528 3106 66
547 3049 561 3120 Η
581 3051 633 3106 667
650 3051 758 3105 totiens
778 3068 831 3124 quc
851 3057 927 3108 serta
944 3071 1048 3110 corona
1065 3063 1091 3111 Β
1112 3056 1126 3129 Η
1146 3058 1236 3113 totius
1255 3063 1396 3114 0001000-

286 3153 371 3192 00000
387 3144 497 3192 arctior
517 3137 530 3208 ΙΙ
551 3139 603 3193 669
617 3142 769 3208 expectant
789 3144 811 3191 Β
831 3139 845 3211 Η
866 3146 1047 3212 exspectato
1068 3142 1081 3216 Η
1103 3146 1206 3216 chyron
1224 3150 1250 3198 Β
1270 3143 1284 3217 Η
1304 3162 1398 3202 arcum

288 3228 399 3277 oratioe
424 3223 437 3295 Η
466 3227 519 3282 670
536 3225 591 3279 iam
610 3229 671 3279 toto
690 3230 787 3285 uastos
807 3231 836 3281 at
853 3228 959 3283 uertice
979 3234 1003 3281 B
1032 3233 1045 3300 Η
1074 3232 1129 3286 ianr
1147 3236 1242 3299 nasto,
1262 3234 1317 3287 iam
1335 3238 1397 3290 toto

287 3311 392 3366 0001100
412 3317 523 3366 orarios
543 3313 556 3383 Η
581 3313 636 3367 iam
655 3316 715 3367 toto
734 3318 816 3368 uasto
836 3316 887 3369 sub
906 3317 1012 3371 uertice
1031 3321 1219 3372 Schwarlzioc
1243 3318 1258 3392 Η
1285 3321 1396 3377 67310-

286 3399 423 3469 nixusque
437 3404 463 3452 Β
485 3399 498 3469 Η
517 3399 696 3470 innixumque
709 3402 896 3455 Schwartzios
915 3402 930 3474 Η
950 3403 1013 3458 lana
1025 3410 1051 3458 Β
1072 3403 1086 3475 Η
1106 3405 1233 3476 linquunt
1251 3409 1290 3461 Βι
1311 3392 1396 3481 Η110-

286 3485 403 3539 0001ΒΞ
422 3483 436 3558 Η
456 3485 557 3556 linquit
570 3492 682 3539 arctius
701 3483 715 3558 ΙΙ
736 3487 788 3541 674
806 3503 872 3542 arcu
884 3495 909 3543 B
930 3490 944 3561 Η
964 3507 1044 3546 arcus
1060 3496 1168 3545 arctior
1189 3498 1202 3564 Η
1223 3496 1274 3551 675
1294 3497 1397 3567 chyron

285 3576 310 3624 Β
325 3569 340 3642 Η
354 3573 476 3643 pernitie
488 3577 513 3625 B
534 3572 547 3642 Η
568 3573 620 3628 676
633 3573 739 3645 expulit
752 3573 837 3629 celsis
851 3578 887 3628 Β1
908 3576 922 3648 Η
943 3583 972 3646 et
985 3583 1090 3632 corlirtir
1103 3581 1141 3633 Β1
1155 3578 1169 3652 Η
1190 3582 1297 3654 expulit
1310 3583 1396 3640 001010

284 3669 414 3714 merlotum
426 3666 455 3714 ia
469 3657 586 3730 expellit
597 3659 681 3715 001010
696 3667 720 3712 Ε
734 3661 748 3732 Η
768 3662 868 3717 extulit
880 3668 994 3741 coniecit
1010 3669 1127 3721 Orellios
1141 3667 1155 3740 Η
1177 3669 1327 3741 ophyucus
1340 3677 1365 3729 B
1380 3670 1396 3744 Η

284 3746 336 3801 677
349 3746 418 3801 nihil
431 3749 469 3801 ΒΙ
489 3744 503 3818 Η
524 3746 563 3800 011
576 3747 614 3799 13²
633 3745 648 3822 Η
669 3747 720 3801 sed
733 3752 799 3817 Bllp
820 3747 834 3821 Η
855 3753 884 3803 ct
896 3755 992 3820 scripsi
1013 3750 1027 3824 Η
1047 3755 1099 3810 678
1111 3771 1220 3810 manum
1232 3761 1257 3812 Β
1278 3756 1293 3830 Η
1314 3775 1395 3815 manu

284 3836 395 3886 6001100
417 3832 429 3905 Η
449 3832 550 3888 mediis
569 3838 636 3902 unp
657 3833 670 3907 Η
692 3835 803 3889 rediens
822 3841 933 3891 Grotius
953 3837 967 3910 Η
986 3839 1051 3893 Nisi
1070 3842 1256 3896 schwartzius
1276 3842 1290 3916 Η
1310 3861 1394 3900 mem·

282 3917 341 3971 bris
360 3937 409 3987 epo
429 3919 443 3990 Η
465 3920 516 3975 679
536 3920 609 3990 cigni
628 3927 653 3975 Β
673 3921 688 3993 Η
710 3923 790 3992 cygni
809 3941 825 3990 y
855 3923 868 3995 Η
895 3925 1133 3982 sacrationem
1154 3927 1167 4000 Η
1187 3930 1300 3985 rediens
1319 3933 1359 3986 11²
1377 3931 1391 4006 Η

282 4005 425 4075 caphoans
438 4010 465 4062 Β
484 4003 498 4077 Η
518 4008 571 4063 682
588 4011 665 4063 tutus
685 4029 720 4062 ex
738 4014 814 4068 totus
834 4032 903 4066 corr.
916 4013 953 4066 Βι
974 4013 987 4086 Η
1008 4019 1092 4087 atque
1108 4017 1287 4088 imperfectus
1301 4018 1331 4072 in
1343 4036 1391 4075 uu·

282 4089 326 4146 dis
347 4099 458 4255 argtp'op'
489 4090 503 4163 Η
536 4095 589 4152 684
606 4096 690 4152 athnc
707 4102 732 4150 Β
758 4099 772 4170 Η
797 4098 916 4171 plostris
932 4103 971 4156 Βι
990 4123 1060 4158 corr.
1073 4103 1111 4157 13²
1135 4104 1150 4175 Η
1179 4104 1230 4162 686
1249 4119 1334 4176 capra
1352 4108 1391 4160 Βι

281 4191 366 4250 capro
