2948 5010
634 358 905 465 ..mg

162 577 188 644 S
200 572 285 650 uias;
318 590 388 635 cum
412 567 586 635 occidentis
609 573 665 632 aut
687 567 818 633 orientis
840 569 922 633 radii
945 567 1094 634 uidentur
1116 572 1221 651 coire,
1247 572 1314 656 plu·

201 681 280 745 uias.
305 680 334 744 si
356 679 439 744 circa
454 678 651 743 occidentem
667 679 841 744 rubescunt
863 675 973 756 nubes,
998 679 1203 745 serenitatem
1218 680 1314 746 futuri

203 790 264 855 diei
280 784 447 873 spondent.
472 787 498 850 si
515 787 546 849 11
563 792 674 851 exortu
690 793 881 871 spargentur
893 787 973 850 radii
989 788 1105 871 partim
1119 790 1162 853 ad
1175 795 1314 855 austrum

202 898 316 983 partim
347 897 391 963 ad
417 896 617 979 aquilonem,
655 916 735 978 pura
763 896 848 961 circa
876 916 948 961 eum
975 901 1133 964 serenitas
1162 900 1204 965 sit
1233 900 1313 984 licet,

178 1008 346 1093 upluuiam
373 1014 480 1072 tamen
509 1010 687 1087 uentosque
716 1004 956 1089 significabuut;
991 1007 1018 1071 si
1045 1006 1079 1072 in
1106 1014 1178 1072 ortu
1205 1014 1265 1074 aut
1285 1010 1315 1074 iu

204 1138 320 1183 occasu
344 1114 498 1182 contracti
520 1120 690 1179 cernuntur
712 1114 802 1191 radii,
824 1115 968 1179 imbrem.
1002 1116 1028 1181 si
1051 1117 1084 1180 11
1107 1137 1225 1184 occasu
1248 1120 1314 1184 eius

203 1228 292 1311 pluet
314 1231 370 1290 aut
392 1224 473 1288 radii
496 1225 612 1289 nubem
635 1224 669 1287 11
693 1242 728 1288 10
750 1223 889 1301 trahent,
912 1243 1058 1306 asperam
1081 1225 1115 1289 in
1136 1226 1314 1309 proximum

205 1337 292 1402 diem
315 1338 533 1417 tempestatem
556 1332 790 1417 significabunt.
814 1353 885 1397 cum
909 1333 1030 1399 oriente
1052 1333 1133 1400 radii
1160 1337 1315 1401 1011111-

206 1450 288 1509 stres
312 1442 509 1519 eminebunt,
533 1443 679 1523 quamuis
702 1442 916 1508 circumdatae
938 1443 1039 1508 nubes
1061 1463 1126 1509 non
1147 1447 1225 1531 sint,
1250 1447 1315 1531 plu·

170 1583 194 1619 no
206 1554 291 1617 uiam
307 1553 505 1635 portendent.
530 1551 557 1616 si
572 1555 646 1616 ante
662 1557 806 1616 exortum
823 1554 926 1618 nubes
941 1554 1165 1636 globabuntur,
1181 1555 1315 1621 hiemem

206 1681 355 1746 asperam
378 1661 624 1738 denuntiabunt;
649 1661 676 1724 si
699 1661 739 1724 ab
763 1665 834 1724 ortu
856 1663 1051 1745 repellentur
1066 1669 1098 1728 et
1111 1663 1155 1729 ad
1169 1684 1315 1730 occasum

206 1771 347 1849 abibunt,
372 1771 584 1836 serenitatem.
609 1771 636 1835 si
659 1771 762 1836 nubes
783 1771 885 1836 solem
909 1770 1175 1852 circumcludent,
1199 1783 1315 1857 quanto

206 1880 313 1945 minus
335 1880 463 1945 luminis
486 1878 680 1962 relinquent,
703 1886 790 1944 tanto
813 1881 970 1946 turbidior
991 1888 1166 1966 tempestas
1188 1884 1264 1961 erit,
1290 1883 1315 1948 si

208 2011 284 2055 uero
309 1991 403 2054 etiam
416 1989 544 2072 ‚duplex
566 1987 663 2052 suerit
684 1990 780 2066 orbis,
803 2009 841 2055 eo
865 1991 1011 2056 atrocior.
1050 1992 1136 2074 quod
1159 1991 1187 2057 si
1209 1992 1244 2056 in
1266 2013 1316 2058 cx·

172 2130 195 2166 n
209 2107 279 2165 ortu
294 2099 396 2163 autin
412 2118 527 2162 occasu
542 2097 598 2162 fiet
612 2097 659 2162 ita
675 2104 709 2162 ut
730 2100 899 2165 rubescant
921 2102 1033 2177 nubes,
1057 2101 1197 2166 maxima
1214 2109 1316 2167 osteu-

208 2212 301 2291 detur
322 2213 503 2292 tempestas.
529 2208 556 2272 si
578 2229 642 2272 101
658 2210 824 2274 ambibunt
839 2210 897 2276 sed
917 2210 1110 2290 incumbent,
1133 2233 1154 2274 a
1169 2231 1315 2293 quocum-

208 2340 270 2402 que
285 2324 383 2384 uento
398 2317 525 2400 fuerint,
550 2337 622 2383 eum
640 2319 839 2403 portendant.
864 2321 892 2386 si
907 2318 1055 2386 exoriens
1072 2320 1218 2404 cingetur
1233 2321 1315 2397 orbe,

209 2451 248 2494 ox
271 2449 335 2511 qua
357 2432 448 2512 parte
470 2427 498 2490 is
522 2446 557 2491 se
580 2427 712 2510 ruperit,
738 2436 924 2513 expectetur
947 2437 1071 2494 uentus.
1106 2431 1133 2494 si
1156 2435 1243 2495 totus
1266 2429 1317 2495 dc-

208 2538 335 2603 fluxerit
357 2535 542 2618 aequaliter,
567 2537 771 2604 serenitatem
794 2539 893 2604 dabit.
918 2540 998 2605 siin
1022 2546 1135 2606 exortu
1150 2541 1250 2620 longe
1271 2560 1318 2604 ra·

170 2675 196 2712 20
209 2648 279 2712 dios
302 2666 361 2730 per
383 2640 485 2710 nubes
506 2646 649 2729 porriget
671 2656 701 2712 et
723 2650 847 2716 medius
871 2651 930 2716 erit
951 2651 1065 2730 inanis,
1089 2651 1236 2736 pluuiam
1257 2649 1319 2734 sig-

208 2757 357 2822 nificabit.
380 2755 408 2821 si
424 2761 499 2820 ante
521 2762 623 2821 ortum
645 2760 725 2824 radii
748 2779 783 2826 se
806 2761 985 2840 ostendunt,
1008 2782 1126 2844 aquam
1143 2768 1175 2827 et
1189 2768 1318 2829 uentum

208 2867 398 2950 significant.

170 3144 191 3192 s
245 3131 260 3184 1
280 3130 374 3184 choire
396 3128 409 3200 Η
428 3132 445 3183 2
464 3131 488 3183 11
502 3131 586 3200 cuca]
599 3136 667 3184 Plln.
682 3137 699 3185 l.
714 3138 731 3185 l.
745 3143 798 3187 343
819 3137 832 3206 Η
851 3139 868 3192 3
887 3139 1065 3209 spopondunt
1084 3140 1098 3210 Η
1118 3142 1192 3195 radii
1205 3149 1321 3198 onuPli·

209 3223 269 3269 nulus
289 3216 301 3287 Η
323 3217 437 3283 91110111
457 3215 470 3286 Η
492 3219 508 3272 6
528 3224 676 3273 cernentur
693 3225 796 3275 Plinius
816 3223 830 3294 Η
855 3225 884 3278 11
902 3225 981 3279 breui
1000 3227 1025 3280 si
1050 3226 1063 3298 Η
1089 3229 1105 3282 7
1123 3231 1239 3285 babent
1256 3248 1317 3303 spe-

208 3319 265 3357 ram
286 3301 300 3372 Η
319 3320 480 3372 proxumum
501 3309 602 3358 Plinius
622 3305 635 3377 Η
655 3311 672 3363 8
691 3304 889 3381 cum'oriente]
910 3317 976 3368 Plin.
991 3319 1008 3367 l.
1022 3319 1039 3367 l.
1052 3324 1105 3368 314
1125 3315 1138 3386 Η
1159 3317 1286 3374 illustros
1304 3318 1318 3389 Η

210 3393 244 3446 10
262 3393 376 3460 portent
396 3390 409 3459 Η
430 3391 621 3459 gloriabuntur
641 3396 653 3466 Η
675 3397 707 3450 11
728 3397 932 3469 denuptiabunt
952 3401 966 3470 Η
986 3402 1019 3457 13
1038 3402 1099 3456 erit.
1128 3405 1215 3461 Sino
1235 3408 1318 3461 ambi-

208 3496 278 3548 bunt
297 3495 348 3549 sed
372 3495 512 3549 incubent.
540 3514 557 3551 a
580 3478 658 3570 deniq
676 3505 760 3555 uento
785 3501 887 3556 fuerint
911 3520 971 3557 eum
996 3506 1175 3575 portendunt.
1205 3511 1231 3582 9
1250 3513 1275 3565 si
1292 3512 1319 3565 11

210 3586 307 3636 exortu
327 3587 375 3635 out
393 3584 421 3635 in
441 3598 544 3638 occasu
563 3585 610 3638 fiet
628 3587 669 3640 ita
687 3593 718 3642 ut
740 3588 892 3643 rubescant
910 3591 998 3645 nubes
1017 3594 1138 3647 maxima
1157 3597 1318 3652 ostendere·

208 3674 253 3721 tur
270 3673 433 3740 tempestas.
454 3669 485 3724 Si
504 3687 570 3725 uero
585 3673 668 3727 etiam
683 3675 785 3746 duplex
798 3693 832 3730 ea
844 3677 927 3731 fuerit
939 3679 1015 3733 orbis
1029 3683 1159 3736 atrocior.
1179 3688 1215 3750 cf.
1229 3702 1317 3752 propr.

210 3759 286 3807 Posn.
300 3776 325 3823 p.
337 3763 372 3808 it
391 3756 405 3826 Η
427 3757 462 3811 14
480 3758 602 3827 quodsi]
622 3765 692 3814 Plin.
707 3767 723 3816 l.
738 3768 822 3817 1341
843 3761 856 3834 Η
877 3765 910 3818 17
929 3768 1107 3836 portendant,
1127 3771 1153 3824 11
1166 3787 1183 3825 a
1194 3771 1317 3837 meridie,

210 3845 239 3894 et
257 3842 370 3896 imbrem
390 3847 492 3897 Plinius
519 3844 532 3914 Η
558 3847 685 3916 ciguetur
709 3847 722 3918 Η
748 3852 781 3906 18
800 3852 862 3922 ipse
880 3854 987 3922 ruperit
1006 3853 1020 3924 Η
1040 3858 1132 3926 aperit
1151 3862 1266 3926 Plinius,
1290 3871 1317 3912 ol

210 3930 317 3999 ruperit
335 3935 392 3982 eorl.
412 3934 494 3984 Plinii
512 3933 549 3983 ill
565 3953 608 4001 up.
622 3939 710 4004 Silliq.
730 3935 743 4005 Η
764 3943 946 4009 exspectetur
962 3946 1065 3996 Plinius
1086 3943 1100 4012 Η
1119 3944 1145 3997 11
1164 3945 1192 3998 11
1214 3947 1318 4016 exortu]

209 4020 278 4067 Plin.
293 4021 310 4072 l.
325 4021 341 4068 l.
355 4025 408 4174 cip,
427 4016 441 4087 Η
462 4019 497 4076 20
516 4021 685 4089 significauit
705 4026 718 4093 Η
737 4026 771 4078 21
785 4027 937 4081 ostendent
949 4034 1051 4083 Plinius
1071 4029 1085 4101 Η
1106 4032 1141 4087 22
1160 4033 1320 4104 significant

209 4122 257 4155 orn.
271 4108 374 4156 Plinius
