2948 5010
636 411 871 475 —218-

164 583 189 650 S
201 601 269 645 ram
292 586 514 664 tempestatem
535 579 738 663 praesagIctff
764 585 838 644 sunt
859 585 891 644 et
912 579 1012 664 ipsius
1034 581 1131 646 lunae
1154 586 1226 646 octo
1242 599 1309 645 aro-

200 690 296 773 ticuli,
320 691 467 772 quotiens
489 692 522 754 in
544 689 681 770 angulos
705 691 781 752 solis
804 688 930 771 accidit,
959 689 1124 772 plerisque
1145 691 1229 755 inter
1252 710 1308 756 eos

199 806 319 863 tantum
355 800 599 864 obseruantibus
630 798 804 882 praesagia
838 798 908 863 eius
937 799 1032 864 haec:
1066 801 1125 866 III.
1151 799 1222 863 VH.
1251 799 1308 862 XI.

199 909 270 973 XV.
293 909 425 993 XVIIII.
448 909 569 973 XXIII.
591 908 727 972 XXVII.
752 912 784 972 et
804 908 1018 973 interlunium.

175 1096 186 1131 5
669 1061 832 1127 Eiusdem.

285 1192 393 1256 Tertio
416 1191 488 1256 Ioco
512 1190 677 1256 stellarum
702 1190 960 1254 obseruationem
984 1210 1056 1256 esse
1080 1169 1214 1275 oportet.
1247 1192 1309 1258 dis-

201 1321 328 1366 currere
352 1327 404 1366 ene
434 1300 582 1375 uidentur
610 1297 769 1361 interdum
799 1299 950 1380 uentique
978 1300 1123 1383 protinus
1150 1308 1310 1387 secuntur,

199 1413 233 1474 in
262 1432 395 1492 quorum
424 1414 515 1492 parte
543 1409 589 1472 lta
618 1407 835 1491 praesagiere.
879 1407 1003 1472 caelum
1031 1429 1101 1473 eum
1134 1411 1310 1494 aequaliter

200 1525 300 1585 totum
324 1520 382 1583 erit
404 1519 605 1601 splendidum
621 1517 640 1557 *
655 1516 708 1557 aa
736 1520 766 1579 et
788 1522 918 1599 repente
942 1517 1106 1582 stellarum
1127 1518 1234 1602 fulgor
1258 1523 1309 1586 ob-

164 1666 188 1701 10
201 1638 354 1712 scuratur,
379 1643 412 1693 ut
433 1629 469 1692 nl
490 1647 596 1709 neque
619 1626 729 1691 nubilo
753 1644 858 1707 neque
880 1624 1020 1707 caligine
1032 1629 1105 1713 flat,
1129 1628 1242 1710 pluuia
1257 1637 1311 1695 aut

199 1759 317 1822 graues
345 1739 570 1803 denuntiantur
598 1739 814 1818 tempestates.
852 1734 880 1799 si
907 1735 1044 1800 uolitare
1066 1737 1176 1819 plures
1199 1738 1310 1804 stellae

200 1849 392 1915 uidebuntur
417 1846 482 1932 letl,
508 1866 569 1928 quo
593 1847 734 1910 t'erentur
756 1844 961 1909 albescentes
976 1850 1089 1909 uentos
1111 1865 1152 1911 ex
1168 1846 1218 1912 his
1241 1869 1309 1932 par-

200 1958 286 2021 tibus
309 1954 535 2020 nuntiabunt*
550 1955 569 1994 *
585 1954 604 1994 *
619 1955 645 2020 si
669 1953 780 2018 stellas
804 1952 978 2017 errantium
1001 1953 1130 2036 aliquas
1154 1957 1241 2022 orbis
1264 1957 1309 2021 in-

201 2065 367 2142 cluserInt,
399 2064 752 2150 imbremsigniticant.
798 2067 872 2125 sunt
899 2061 932 2125 in
961 2063 1053 2147 signo
1082 2065 1191 2130 cancri
1225 2067 1309 2132 duae

114 2208 117 2213 -
163 2198 185 2234 n,
200 2176 314 2240 stellae
337 2161 458 2258 paruae
473 2174 565 2240 aselli
581 2173 777 2258 appellatae,
800 2171 951 2255 exiguum
973 2173 1055 2237 inter
1076 2174 1151 2240 illas
1174 2176 1309 2260 spatium

199 2285 361 2350 obtinente
394 2285 554 2349 nubecula
587 2303 683 2366 quam
709 2281 866 2365 ,astrologi
900 2281 1102 2365 praesepium
1136 2285 1308 2369 appellant.

199 2393 278 2458 baec
306 2414 375 2457 eum
404 2394 495 2459 caelo
524 2412 637 2458 sereno
666 2410 821 2474 apparere
845 2389 991 2470 desierit,
1021 2398 1113 2457 atrox
1135 2392 1241 2460 hiems
1262 2414 1310 2461 se-

199 2503 318 2585 quitur,
342 2503 392 2566 sin
415 2501 550 2567 alteram
574 2523 684 2566 earum
699 2487 896 2584 aquiloniam
911 2501 1017 2584 caligo
1039 2501 1180 2581 abstulit,
1204 2511 1311 2570 auster

200 2612 317 2692 saeuit,
340 2611 368 2676 si
391 2612 575 2695 austrinam,
600 2611 720 2694 aquilo.

120 2790 125 2799 ⁸
161 2746 187 2782 no
284 2721 433 2786 Existunt
456 2721 570 2787 stellae
592 2729 624 2788 et
638 2723 671 2786 in
686 2721 767 2785 mari
790 2722 953 2802 terrisque.
978 2720 1045 2784 uidi
1067 2720 1232 2785 nocturnis
1254 2721 1310 2786 mi-

160 2920 181 2968 S
236 2913 250 2964 1
271 2914 335 2964 suut
354 2915 383 2963 et
400 2909 500 2978 Ipsius]
520 2915 621 2984 Plial.
635 2915 652 2964 l.
666 2919 719 2962 ³50
739 2908 751 2980 Η
772 2908 789 2961 2
808 2907 878 2961 solis
898 2910 991 2960 mldldl
1010 2926 1046 2960 ea
1063 2911 1150 2962 Plinio
1172 2908 1184 2979 Η
1206 2911 1313 2966 Incidet

200 3003 267 3053 Ptin.
282 2995 295 3066 Η
310 3000 327 3051 3
340 2999 400 3051 eius
413 2996 466 3050 hcc
480 3002 524 3052 est
536 3003 640 3052 Plinius
655 2996 668 3067 Η
682 2999 734 3052 ΠΙ.
744 2994 840 3051 XVII.
857 2993 869 3063 Η
884 2997 1150 3054 dubitemusne
1166 2997 1180 3068 Η
1196 3005 1231 3053 e'e'
1245 3015 1280 3078 03
1295 3000 1310 3072 Η

200 3086 371 3139 disscurrcre
387 3084 399 3154 Η
415 3086 429 3138 7
444 3101 494 3137 eae
508 3090 600 3137 udelidl
616 3105 651 3138 en
660 3090 747 3138 Plinio
763 3083 776 3153 Η
796 3081 846 3136 un'r
857 3081 977 3136 itcrdum
999 3085 1011 3153 Η
1033 3089 1164 3163 εροῡῐοᾈ
1185 3085 1198 3156 Η
1219 3091 1310 3159 8pre·

199 3188 298 3240 sagene
319 3172 333 3244 Η
353 3175 369 3227 9
383 3171 566 3243 splendidum,
587 3172 712 3227 articulis
725 3176 881 3242 temporum
894 3186 964 3240 quos
977 3172 1182 3241 proposuimus,
1203 3180 1308 3230 autum-

199 3276 262 3312 num
281 3276 409 3312 serenum
427 3260 567 3329 prestabit
580 3275 614 3312 ao
626 3259 763 3328 frigidum.
791 3258 814 3312 si
833 3275 882 3311 uer
901 3262 929 3311 et
949 3263 1043 3313 aestas
1062 3275 1117 3314 non
1137 3262 1200 3315 siue
1219 3264 1311 3333 rigore

199 3346 293 3415 aliquo
312 3346 482 3411 transierint,
502 3350 659 3400 autumnum
678 3363 805 3401 serenum
826 3350 854 3399 et
865 3350 977 3401 tersum
996 3347 1143 3418 minusque
1163 3353 1310 3405 uentosum

198 3434 310 3486 facient.
329 3439 389 3485 362.
410 3435 532 3486 autumni
552 3435 689 3488 serenitas
709 3439 854 3489 uentosam
873 3435 991 3487 hiemem
1011 3435 1087 3509 facit.
1108 3440 1214 3490 Plinius
1240 3436 1253 3508 Η
1278 3442 1311 3496 10

198 3519 320 3574 fluuiant.
341 3536 440 3588 graues
461 3519 586 3591 (tinniant
605 3526 621 3573 d
642 3526 712 3590 uyrud
725 3521 826 3590 sully.)
849 3520 861 3591 Η
887 3526 917 3573 ut
935 3520 965 3572 id
984 3531 1011 3574 et
1030 3521 1079 3575 fiat
1098 3526 1193 3578 urldldt
1207 3543 1244 3577 ea
1256 3529 1312 3579 Pli-

199 3612 242 3659 nlo
263 3606 276 3676 Η
293 3612 329 3660 ἰη
347 3607 374 3660 id
388 3624 477 3677 neque
492 3609 586 3662 nubilo
600 3622 652 3662 nec
666 3609 786 3677 callgine
799 3609 856 3674 fiat,
875 3609 971 3679 pluuia
989 3613 1038 3662 aut
1056 3614 1160 3663 Plr'niue
1179 3611 1194 3682 Η
1216 3614 1250 3667 11
1264 3612 1310 3665 de·

199 3695 341 3764 nuptiatur
360 3695 373 3765 Η
394 3698 427 3750 12
447 3702 476 3749 et
489 3715 529 3748 out
552 3700 654 3749 Plinius
668 3700 753 3748 duleui
774 3697 788 3766 Η
808 3696 932 3751 feruntur
952 3696 965 3764 Η
986 3697 1022 3749 iis
1035 3701 1140 3749 Plinius
1160 3697 1173 3768 Η
1195 3701 1231 3755 13
1244 3707 1310 3769 nup·

198 3781 309 3834 tlabunt
339 3781 353 3852 Η
381 3798 436 3836 una
454 3783 477 3836 si
497 3780 679 3847 cursitabant,
699 3788 801 3849 certos,
821 3786 845 3838 si
865 3783 894 3835 id
913 3785 941 3837 in
960 3784 1086 3854 pluribus
1106 3786 1236 3855 partibus
1254 3787 1310 3851 fiet,

198 3867 383 3923 Inconstantis
403 3873 503 3922 uentos
524 3874 553 3924 ct
572 3871 692 3941 unquue
705 3876 810 3923 Plinius
825 3870 838 3940 Η
860 3871 1001 3924 stellarum
1020 3873 1170 3926 errantium
1189 3874 1310 3944 aliquam

198 3957 301 4006 Plinius
322 3954 335 4024 Η
355 3956 501 4012 Incluserit
520 3956 533 4027 Η
555 3959 589 4013 14
607 3962 672 4012 sunt
691 3958 719 4010 in
739 3959 829 4027 riguo]
848 3962 917 4011 Ptin.
932 3963 950 4012 l.
963 3964 981 4011 l.
995 3967 1049 4012 363
1069 3958 1083 4028 Η
1103 3963 1137 4016 16
1157 3961 1310 4015 obtencnte

198 4041 329 4094 nubicula
350 4040 362 4110 Η
383 4044 518 4112 astrologi
537 4065 586 4098 οηι.
599 4050 703 4099 Plinius
724 4044 737 4116 Η
758 4048 790 4101 17
805 4045 931 4100 desernit
951 4046 963 4116 Η
983 4048 1079 4116 hyems
1100 4048 1113 4119 Η
1135 4050 1169 4104 18
1183 4048 1216 4102 Si
1229 4049 1257 4101 in
1271 4048 1309 4101 al·

198 4131 285 4183 ibrum
305 4129 349 4192 (.-..
370 4148 386 4179 u
405 4135 474 4197 uprul
492 4134 594 4199 Sllb'p.)
621 4132 633 4201 Η
659 4134 693 4187 20
712 4137 772 4187 Pliu
800 4138 829 4184 ll
848 4142 896 4186 101
924 4138 958 4202 cs.
980 4140 1060 4189 baur.
1077 4141 1144 4204 layci.
1159 4139 1191 4189 rie
1212 4144 1309 4189 ostent.

198 4236 224 4282 p.
235 4226 261 4282 8,
274 4226 371 4285 itaqu.
397 4219 529 4272 Wncbsm.
551 4219 564 4290 Η
