2948 5010
746 431 958 501 ..66-

301 605 341 670 tis
363 602 577 682 oboedissent,
599 601 720 668 tamdiu
741 603 838 667 uitam
861 604 931 669 sine
954 624 1030 669 cura
1051 623 1089 669 ac
1104 602 1316 670 sollicitudine
1336 604 1402 670 sac

301 720 397 781 turos.
443 712 500 779 sed
522 733 592 778 cum
615 713 834 798 neglegentius
856 714 1046 796 aequitatem
1069 715 1278 781 obseruarent
1298 718 1334 781 in
1355 715 1401 780 in·
1451 720 1452 725 ’

301 824 463 909 sidiasque
486 823 713 902 declinassent,
743 823 913 907 cupiditate
941 831 972 889 et
997 825 1131 891 auaritia
1157 825 1237 890 alter
1265 823 1401 889 alterum

300 934 553 1028 deciperent‚ab
575 925 756 998 hominibus
779 932 972 999 discessisse.
1007 935 1104 1019 digna
1119 935 1247 1001 caelesti
1267 953 1400 1000 numero

274 1045 466 1111 sinmonale
488 1043 661 1128 praemium
682 1043 807 1126 pietatis
828 1043 979 1127 possedit.
1013 1051 1085 1110 sunt
1100 1045 1154 1128 qui
1169 1043 1259 1110 aliter
1280 1063 1400 1110 memo·

299 1141 378 1220 rent.
413 1155 577 1236 Erigonen
599 1151 824 1218 Atheniensem
846 1153 928 1218 Icari
955 1155 1050 1219 filiam
1071 1154 1181 1222 fuisse.
1215 1155 1303 1239 quod
1327 1176 1397 1222 oum

298 1268 394 1332 Liber
425 1265 588 1329 inuentum
622 1282 714 1328 suum
748 1263 855 1326 uinum
890 1265 1045 1331 suauitate
1071 1266 1152 1331 inter
1177 1267 1327 1333 mortales
1354 1267 1416 1343 iu·¹

147 1374 150 1377 ‘
259 1397 261 1402 ’
297 1377 459 1464 lustraret,
492 1374 625 1439 ueritum
649 1391 703 1451 ne,
740 1391 810 1436 oum
837 1372 959 1438 ciuibus
987 1375 1052 1442 suis
1080 1377 1246 1442 obtulisset
1275 1377 1398 1462 saporis

299 1486 505 1563 nobilitatem,
529 1483 691 1550 ebrietatis
705 1480 928 1548 iucunditatem
953 1486 1177 1553 arbitrarentur
1199 1487 1396 1567 maleficium,

237 1599 239 1602 ⁴
262 1616 287 1654 m
298 1596 456 1682 persuasit
477 1595 577 1660 Icario
606 1593 797 1658 amicissimo
825 1593 885 1658 sibi
913 1600 947 1658 ut
972 1596 1000 1660 is
1027 1597 1158 1663 interret
1182 1598 1215 1662 in
1237 1597 1396 1663 ciuitatem

299 1729 394 1794 quam
415 1706 512 1771 uellet
535 1703 607 1791 [hoo
629 1709 678 1771 est
699 1701 830 1791 uinum].
865 1705 949 1786 quod
978 1711 1009 1770 et
1029 1706 1132 1772 libens
1155 1709 1256 1773 amico
1278 1707 1397 1774 Icarius

296 1819 366 1884 tulit
389 1823 420 1883 et
441 1814 599 1880 distribuit
619 1815 652 1878 in
667 1815 780 1880 Attice.
813 1813 846 1878 hi
869 1815 952 1899 capti
972 1817 1136 1882 nobilitate
1158 1818 1224 1883 uini
1243 1818 1396 1903 languore

298 1930 401 1995 subito
424 1925 613 1990 cacillantes
635 1925 736 2010 ueriti,
759 1945 800 1989 ne
815 1938 879 1988 non
894 1917 1061 2008 augendae
1075 1926 1245 2010 uoluptatis
1267 1929 1326 1995 sed
1340 1931 1396 1995 mi·

296 2036 442 2104 nuendae
457 2033 650 2100 ualetudinis
666 2039 751 2100 esset
766 2054 878 2100 sensus
894 2034 954 2099 sibi
976 2037 1127 2116 sublatus,
1152 2041 1299 2104 commoti
1321 2041 1395 2106 uino

257 2170 282 2208 ιε
294 2147 546 2235 praecordiaque
567 2145 739 2231 transpulsi
752 2146 886 2210 Icarium
909 2145 1143 2212 interfecerunt.
1178 2148 1263 2230 quod
1278 2170 1337 2234 pro
1351 2151 1397 2216 iu-

294 2258 485 2327 cundissimo
501 2257 642 2342 praemio
656 2262 704 2322 est
717 2255 851 2341 adeptus
867 2253 976 2323 contra
990 2277 1119 2322 morem.
1146 2258 1245 2343 patris
1255 2261 1395 2345 Erigone

294 2369 532 2435 commiseratur
546 2366 668 2432 ululatu
684 2371 825 2446 mortem,
848 2373 1005 2432 mortuum
1019 2369 1193 2450 requirens.
1227 2370 1316 2435 oanis
1331 2370 1395 2435 leni
1461 2405 1463 2411 ν

293 2479 429 2560 uestigio
460 2497 531 2542 eam
559 2477 743 2542 accersitam
770 2476 812 2542 ad
840 2478 938 2562 patris
967 2496 1080 2561 corpus
1105 2476 1262 2560 perduxit.
1313 2499 1394 2562 quae

294 2587 364 2654 eius
392 2607 507 2672 corpus
534 2586 649 2672 sepelit
675 2587 809 2671 ipsaque
837 2607 871 2653 se
898 2589 931 2652 in
957 2588 1105 2671 Hymetto
1133 2593 1240 2652 monte
1263 2590 1394 2655 contulit

292 2782 307 2836 1
328 2778 492 2834 obedissent
510 2783 556 2831 ΑΡ
574 2778 586 2849 Η
607 2779 714 2834 futuros
727 2782 772 2831 ΑΡ
790 2775 804 2850 Η
824 2778 948 2832 facturos
968 2781 1097 2830 Hertzius
1115 2782 1158 2846 qni
1177 2781 1297 2846 conferri
1315 2785 1394 2834 tussit

292 2869 413 2920 Dictaeo.
424 2870 547 2919 arescente
560 2885 581 2919 s.
592 2885 617 2919 u.
627 2871 718 2934 facere
728 2870 790 2919 Sec.
802 2884 842 2934 ep.
854 2875 889 2918 66
901 2869 977 2917 Grut.
987 2868 1066 2917 inser.
1077 2866 1327 2920 DCGGXXXVHI
1337 2875 1369 2921 12
1378 2866 1392 2940 Η

290 2956 308 3009 2
328 2954 521 3024 neglegentius
535 2972 602 3007 corr.
616 2972 651 3006 ea
663 2954 843 3024 neglegentes
857 2959 879 3006 P
898 2951 910 3024 Η
931 2953 1116 3008 obseruarent
1134 2950 1178 3022 (en
1192 2971 1227 3005 ea
1237 2953 1317 3024 cora)
1339 2959 1361 3007 P
1377 2953 1392 3026 Η

290 3042 320 3095 in
332 3060 423 3110 moryc
438 3059 530 3110 apogr.
544 3045 637 3095 Berct.
658 3038 670 3111 Η
690 3041 707 3096 5
724 3044 877 3096 memorant
889 3046 911 3093 P
928 3038 941 3111 Η
962 3042 979 3096 6
997 3040 1138 3109 origenem
1151 3045 1173 3092 P
1191 3038 1205 3110 Η
1225 3039 1321 3094 micari
1334 3044 1356 3093 A
1378 3040 1391 3113 Η

290 3129 306 3184 7
324 3134 442 3197 fortasse
460 3129 553 3181 uinum
565 3143 650 3184 uuam
657 3128 743 3181 uitem
763 3128 776 3198 Η
795 3129 1015 3184 mortalitatesP
1034 3125 1047 3196 Η
1068 3129 1084 3182 9
1104 3126 1280 3181 sobrietatem
1297 3128 1392 3182 iocun-

290 3215 386 3270 ditatis
400 3218 448 3268 AP
466 3213 480 3286 Η
501 3214 646 3298 ebrietatis
664 3215 863 3270 iucunditatem
881 3221 977 3285 scripsi
997 3213 1011 3286 Η
1033 3215 1067 3269 10
1084 3213 1184 3268 inferre
1204 3214 1232 3267 in
1251 3215 1393 3270 ciuitatem

289 3346 366 3385 suam
378 3331 489 3386 uelletc
509 3330 523 3403 Η
544 3305 657 3387 citatem
670 3336 692 3384 P
710 3330 723 3403 Η
744 3334 777 3387 11
791 3332 844 3386 hoc
857 3335 902 3385 est
914 3331 1006 3384 uinum
1020 3331 1141 3380 delenita
1161 3324 1174 3398 Η
1196 3328 1270 3398 quod
1285 3333 1330 3384 est
1343 3334 1363 3381 Α
1378 3329 1392 3400 Η

288 3418 378 3474 animo
392 3423 439 3472 ΑΡ
457 3416 470 3491 Η
490 3421 579 3474 amico
598 3439 611 3474 ε
631 3419 644 3492 Η
663 3421 698 3474 12
717 3419 809 3491 capite
829 3424 851 3471 Ρ
870 3417 884 3491 Η
904 3419 1053 3488 langoreP
1071 3415 1085 3489 Η
1105 3417 1140 3472 14
1157 3415 1320 3470 ualitudinis
1337 3422 1359 3469 P
1377 3415 1390 3488 Η
1442 3425 1445 3428 ’

287 3507 317 3561 id
336 3514 380 3563 est
398 3524 509 3563 sensum
528 3506 583 3560 sibi
602 3505 740 3561 sublatum
753 3512 800 3560 ΑΡ
818 3506 831 3579 Η
853 3511 931 3561 esset
943 3521 1041 3560 seusus
1054 3504 1108 3558 sibi
1121 3504 1248 3558 sublatus
1261 3509 1357 3573 sompes·
1379 3503 1392 3577 Η

218 3657 221 3660 ,
252 3609 256 3615 ’
289 3591 396 3669 [idest]
411 3611 524 3650 sensum
542 3592 597 3647 sibi
616 3592 849 3648 sublatumfflc
871 3593 885 3666 Η
906 3595 1033 3660 Eysserrb.
1050 3592 1186 3647 sentirent
1203 3595 1247 3644 ccl
1266 3598 1322 3646 tate
1342 3597 1394 3646 cti-

287 3688 349 3752 qcid
362 3688 493 3738 eccidisse
507 3687 696 3735 vectationem
710 3701 762 3734 rica
775 3686 856 3736 ueriti
870 3692 931 3735 sum
946 3701 977 3735 ce
993 3685 1136 3743 sentirent,
1154 3683 1203 3733 sed
1215 3690 1357 3733 sensorum
1379 3678 1393 3751 Η

286 3788 320 3842 15
338 3786 502 3859 praecordia
521 3792 542 3839 P
559 3784 573 3859 Η
594 3787 696 3840 icarum
711 3790 730 3837 Α
752 3783 765 3857 Η
786 3785 914 3840 Icarium
933 3803 967 3838 ea
979 3790 1085 3840 ccrr.P
1102 3783 1114 3857 Η
1135 3762 1354 3839 intdficeruntd
1376 3784 1390 3857 Η

284 3873 483 3929 iocundissimo
502 3874 556 3946 ΡΗ
578 3876 612 3930 16
631 3876 728 3928 contra
746 3889 847 3945 corpus
866 3874 954 3945 patris
975 3891 985 3925 ε
1005 3872 1020 3944 Η
1042 3875 1074 3928 17
1094 3871 1314 3926 commiserando
1333 3876 1356 3924 Δ
1378 3871 1392 3942 Η

284 3961 510 4016 commiserando
524 3965 547 4013 Ρ
564 3960 578 4034 Η
597 3961 817 4034 ululatumortem
836 3965 952 4015 mortem
965 3963 1010 4012 ΑΡ
1028 3959 1041 4032 Η
1057 3960 1265 4016 commiseratur
1283 3958 1391 4013 ululatu

283 4069 407 4131 mortem,
426 4069 561 4119 mortuum
573 4069 671 4133 scripsi
690 4070 724 4133 cs.
737 4071 827 4119 Herm.
837 4069 914 4117 14⁶⁵
928 4061 940 4134 Η
956 4037 1076 4119 canileni
1089 4069 1111 4116 P
1123 4062 1136 4136 Η
1150 4067 1184 4122 18
1195 4067 1296 4117 tenens
1309 4067 1392 4118 ueste

282 4171 294 4207 s
314 4151 328 4226 Η
351 4169 497 4238 accensam
510 4155 557 4204 ΑΡ
575 4151 589 4221 Η
610 4153 774 4206 accersitam
793 4171 805 4206 ε
826 4151 838 4222 ΙΙ
859 4151 955 4205 matris
969 4154 1017 4205 ΑΡ
1033 4169 1128 4204 coras
1148 4151 1163 4224 Η
1184 4153 1217 4207 19
1235 4152 1301 4222 ipsa
1319 4167 1391 4222 quae

283 4268 304 4316 Δ
320 4262 333 4335 Η
347 4263 492 4334 hymotod
513 4262 527 4334 Η
548 4231 757 4334 hymedomgnte
772 4269 792 4316 P
811 4262 824 4333 Η
844 4263 963 4317 contulit
973 4263 1087 4332 tibiq.A
1104 4259 1118 4334 Η
1138 4262 1326 4334 contulitibiq,
1339 4266 1362 4314 P
1374 4262 1389 4333 Η
