2948 5010
610 413 839 479 -165-

166 577 260 643 astris
287 577 469 642 intulerunt.
505 578 635 661 quidam
663 584 770 644 autem
799 580 907 646 dicunt
936 602 1009 648 esse
1038 583 1191 648 Arionem
1213 586 1321 657 Mes

165 689 385 773 thymnaeum.
415 692 447 752 et
475 706 546 751 eum
569 694 655 753 esset
677 695 746 754 arte
769 689 913 754 citharae
936 696 1067 775 potens,
1092 710 1148 756 rex
1170 693 1279 759 Oorin·

165 796 307 880 thorum,
337 799 517 882 †Pyrantus
543 798 686 876 nomine,
718 817 791 862 eum
819 797 941 863 dilexit.
977 801 1032 882 qui
1060 821 1132 864 cum
1160 822 1279 887 arege

165 903 319 988 petiisset,
342 911 377 970 ut
399 905 547 970 ciuitates
569 910 638 970 arte
662 927 720 971 sua
739 905 927 991 illustraret,
952 914 983 972 et
1005 929 1157 994 magnum
1180 913 1279 994 patri·

164 1015 307 1079 monium
323 1016 526 1097 acquisisset,
552 1020 782 1080 consenserunt
796 1014 910 1079 famuli
927 1036 997 1082 oum
1013 1020 1129 1098 nautis,
1152 1025 1187 1084 ut
1203 1041 1300 1086 eume

164 1124 388 1189 interficerent,
419 1144 514 1206 quem
538 1144 608 1188 cum
631 1123 752 1189 uellent
773 1124 966 1212 interlicere,
990 1129 1070 1213 petit
1091 1130 1133 1194 ab
1156 1129 1219 1205 eis,
1242 1135 1277 1194 ut

167 1239 244 1297 ante
266 1232 464 1299 decantaret.
494 1253 567 1296 oum
590 1239 697 1298 autem
722 1233 865 1299 citharae
888 1256 986 1302 sonus
1010 1259 1081 1302 cum
1104 1257 1183 1302 uoce
1206 1238 1276 1302 eius

165 1341 348 1431 audiretur,
372 1342 512 1425 delphini
536 1342 621 1407 eirca
644 1362 757 1405 nauem
781 1352 947 1410 uenerunt.
982 1348 1036 1412 ille
1060 1367 1156 1432 super
1177 1366 1275 1410 unum

166 1471 207 1516 ex
221 1452 272 1516 his
288 1471 322 1515 se
336 1451 572 1534 praecipitauit,
596 1451 650 1533 qui
666 1472 738 1516 eum
754 1453 915 1518 sublatum
932 1456 1085 1522 Corintho
1101 1455 1144 1522 ad
1166 1475 1276 1538 regem

164 1560 342 1644 Pyrantum
365 1560 488 1624 detulit.
512 1560 681 1643 delphinus
705 1560 869 1626 subductis
891 1583 946 1646 per
962 1574 1087 1632 aestum
1103 1564 1197 1646 aquis
1221 1584 1277 1629 ex·
1291 1588 1314 1626 ro

165 1670 326 1735 animatus
350 1676 406 1734 est.
431 1670 486 1751 qui
509 1691 580 1734 eum
603 1690 698 1735 casus
721 1690 797 1734 suos
819 1673 960 1756 Pyranto
984 1680 1160 1751 narrasset,
1184 1673 1278 1738 iussit

165 1798 223 1844 rex
252 1777 439 1862 delphinum
467 1780 595 1862 sepeliri
624 1785 655 1843 et
684 1780 713 1844 ei
741 1788 981 1848 monumentum
1007 1785 1086 1849 fieri.
1120 1790 1192 1869 post
1219 1783 1277 1847 ali-

165 1895 321 1970 quantum
335 1888 489 1972 temporis
505 1888 607 1963 nauis,
631 1888 808 1969 quadrien
825 1897 937 1957 uectus
953 1893 1068 1971 iuerat,
1093 1893 1277 1960 Corinthum

164 1997 274 2061 delata
302 2001 359 2062 est.
393 2017 473 2078 quos
502 2018 573 2061 eum
600 1996 719 2061 adduci
747 1998 789 2062 ad
818 2019 853 2064 se
880 1999 1072 2085 imperasset
1098 2024 1154 2069 rex
1182 2009 1214 2069 et
1236 2002 1277 2066 de

164 2108 283 2173 Arione
297 2106 481 2189 inquireret,
498 2108 647 2172 dixerunt
663 2126 735 2171 eum
752 2106 869 2172 obisse.
894 2111 1010 2192 quihus
1027 2113 1092 2192 ille,
1110 2110 1274 2192 ‘crastino,
1288 2138 1313 2174 ιε

164 2216 290 2299 inquid,
315 2218 369 2281 die
391 2217 434 2282 ad
457 2216 598 2298 delphini
621 2222 858 2280 monumentum
882 2218 1037 2286 iurabitis'
1064 2241 1183 2304 eosque
1206 2241 1274 2286 cus-

163 2327 259 2392 todiri
280 2325 456 2390 mandauit.
492 2330 589 2405 atque
611 2324 761 2388 Arionem
787 2327 833 2390 ita
861 2335 1023 2414 ornatum,
1052 2331 1212 2413 quomodo
1236 2350 1272 2396 se

162 2435 449 2520 praecipitauerat,
482 2433 516 2497 in
548 2439 753 2499 monumento
788 2434 932 2519 delphini
966 2439 1164 2506 delitescere.
1200 2461 1272 2505 eum

164 2553 271 2612 autem
293 2544 424 2610 adducti
447 2543 500 2631 [et]
524 2562 581 2626 per
597 2543 740 2627 delphini
762 2553 1002 2614 monumentum
1023 2550 1167 2615 iurarent
1182 2549 1273 2614 Ario-
1343 2614 1345 2621 ,

199 2738 214 2791 1
234 2751 298 2790 esse
318 2753 366 2790 om.
384 2738 406 2785 V
430 2731 443 2803 Η
469 2732 601 2787 Orionem
619 2736 668 2785 SV
692 2732 705 2803 Η
730 2734 864 2788 Vrionem
884 2737 898 2785 l
918 2732 932 2804 Η
952 2735 1088 2790 Arionem
1106 2739 1272 2789 Scluolucl.
1291 2738 1313 2786 S

164 2828 200 2891 cf.
214 2826 310 2889 lippia.
324 2822 381 2889 fud.
397 2829 447 2873 194
466 2839 540 2889 quem
559 2830 664 2872 secretae
684 2822 886 2874 relectorium
908 2820 922 2891 Η
941 2823 1140 2892 methymneus.
1159 2823 1198 2875 Et
1216 2824 1237 2873 S
1258 2820 1272 2892 Η
1327 2835 1330 2839 ’

164 2911 360 2964 methimneum
380 2909 426 2978 qui
445 2913 467 2960 V
486 2906 500 2978 Η
520 2909 537 2962 2
556 2911 616 2960 arte
636 2927 685 2960 oni.
704 2913 726 2979 V
744 2907 759 2978 Η
778 2912 962 2978 ροιοηεωη.
977 2928 1012 2962 ea
1024 2912 1159 2981 pontesS
1180 2895 1193 2978 Η
1215 2924 1275 2963 cor-

164 2997 327 3052 rinthiomm
345 3002 365 3050 S
386 2995 399 3067 ΙΙ
425 2995 642 3049 chorinthiorum
667 3001 689 3048 V
713 2994 726 3065 Η
750 2997 918 3066 3pyrantus
936 3000 985 3050 SV
1011 2997 1024 3066 Η
1047 2997 1206 3066 Pyranthus
1226 2997 1240 3046 t
1260 2995 1274 3065 Η

164 3084 336 3140 Periandrus
350 3088 471 3151 lippinus
492 3081 505 3152 Η
524 3084 543 3137 4
560 3083 741 3152 impetrasset
760 3085 774 3134 d
795 3080 808 3152 Η
830 3083 972 3137 ciuitatem
990 3085 1025 3135 Vt
1048 3081 1060 3153 Η
1080 3086 1169 3151 epau
1190 3084 1274 3137 inter-

164 3171 282 3225 ficerent
300 3175 377 3223 addit
397 3175 542 3239 priooer
560 3171 605 3224 eui
623 3169 729 3241 Apollo
748 3171 777 3223 in
797 3171 918 3240 quietem
937 3170 1017 3224 uenit
1036 3171 1117 3239 eique
1138 3169 1233 3235 duit„
1245 3175 1276 3224 ut

165 3263 264 3313 ornatu
283 3274 333 3312 suo
355 3261 384 3311 et
403 3274 507 3312 corone
526 3258 690 3311 decantaret
709 3261 738 3311 et
757 3258 799 3311 eis
819 3257 1002 3322 setraderet,
1022 3259 1070 3327 qui
1089 3259 1115 3311 ei
1132 3257 1276 3329 praesidio

163 3346 310 3399 uenissent
333 3344 347 3414 Η
372 3348 501 3415 loytere
527 3350 548 3397 V
573 3342 586 3414 Η
611 3345 738 3399 8nauim
761 3349 783 3397 V
808 3342 820 3414 Η
846 3344 935 3398 eliis
955 3347 975 3395 S
996 3345 1009 3413 Η
1030 3345 1066 3398 iis
1090 3351 1111 3399 V
1131 3344 1144 3413 Η
1164 3344 1275 3398 sublato

164 3437 184 3482 S
205 3430 219 3501 Η
239 3433 385 3486 chorintho
404 3437 425 3484 S
445 3452 493 3487 om.
512 3436 534 3483 V
553 3429 567 3501 Η
587 3433 621 3486 10
639 3432 783 3485 Pirantum
802 3435 823 3482 S
844 3431 857 3498 Η
877 3430 1048 3500 Pyranthum
1072 3433 1110 3484 Vt
1131 3429 1145 3500 Η
1165 3431 1274 3484 chorin-

163 3522 221 3573 tum
240 3518 341 3572 detulit
358 3525 379 3572 V
398 3516 412 3588 Η
433 3522 523 3571 estum
542 3522 591 3570 SV
610 3516 623 3587 Η
643 3518 675 3571 11
697 3518 744 3587 qui
764 3534 825 3571 eum
844 3518 879 3570 ad
898 3521 1000 3571 terram
1020 3518 1135 3583 exisset,
1155 3516 1273 3586 cupidus

162 3606 234 3669 niae,
256 3606 413 3676 delphinum
433 3607 461 3658 in
481 3622 555 3658 mare
575 3621 629 3657 non
647 3605 786 3675 propulit,
807 3605 854 3674 qui
872 3605 912 3658 ibi
933 3605 1106 3658 exanimatus
1127 3609 1274 3672 981119ρί-

161 3710 212 3745 nua
237 3691 251 3761 ΙΙ
276 3693 449 3746 exanimatus
469 3712 537 3745 corr.
552 3711 586 3745 err
605 3692 801 3745 exminatusS
826 3689 840 3761 Η
866 3707 932 3745 suos
952 3707 1036 3746 casus
1061 3697 1082 3744 V
1106 3690 1119 3761 Η
1144 3691 1273 3762 piranton

162 3783 183 3831 S
203 3777 218 3850 Η
236 3779 379 3848 Pyrantho
404 3786 425 3833 V
445 3779 457 3849 Η
478 3782 512 3835 12
529 3795 579 3833 rex
597 3779 755 3848 Pyranthus
780 3784 801 3831 V
820 3778 833 3850 Η
855 3779 990 3856 reppeliri
1009 3783 1029 3831 8
1050 3778 1063 3848 Η
1085 3780 1118 3833 13
1137 3777 1272 3832 deuectus

167 3871 189 3919 V
207 3863 221 3935 Η
241 3867 413 3920 ehorinthum
436 3873 457 3920 V
476 3866 491 3938 Η
510 3867 633 3937 ldjquos
652 3870 807 3933 suppleas
828 3863 841 3935 Η
862 3868 961 3918 nautas
986 3867 1022 3916 Vl
1044 3862 1058 3935 Η
1079 3865 1115 3918 ad
1134 3881 1165 3919 se
1186 3885 1235 3918 om.
1252 3869 1275 3917 V

163 3953 176 4023 Η
201 3969 252 4006 rex
269 3953 438 4024 imperasset
460 3960 482 4007 V
505 3953 517 4025 Η
546 3954 580 4008 15
599 3953 703 4009 Orione
722 3957 771 4005 SV
794 3951 808 4022 Η
834 3952 976 4022 inquirens
996 3956 1016 4004 S
1042 3951 1055 4023 Η
1081 3953 1187 4006 obiisse
1212 3958 1234 4006 V
1258 3951 1271 4023 Η

162 4042 196 4095 16
215 4040 307 4109 inquit
330 4039 382 4109 Vh
407 4042 440 4094 17
461 4039 592 4094 Orionem
611 4059 679 4092 corr.
694 4058 730 4092 ea
748 4039 917 4110 OrionemS
944 4036 956 4111 Η
985 4038 1117 4095 Orionem
1141 4037 1195 4109 Vll
1217 4055 1271 4108 quo

160 4133 204 4182 md
223 4131 244 4179 S
265 4125 279 4196 Η
299 4128 373 4181 sieut
395 4132 418 4179 V
439 4125 452 4198 Η
478 4128 512 4183 18
531 4127 758 4182 delitheseereS
783 4125 797 4198 Η
824 4128 857 4181 19
877 4131 907 4180 et
925 4146 974 4179 om.
993 4131 1015 4179 V
1034 4130 1121 4180 deleui
1149 4124 1162 4197 Η
1190 4125 1271 4180 Orio·

159 4229 223 4268 nem
240 4217 290 4266 SV
308 4211 321 4285 Η
343 4213 430 4269 Orion
449 4232 549 4286 quoque
567 4219 696 4284 seriptum
715 4223 794 4269 eetot
813 4220 1065 4284 u.l³etp.166,³
1082 4216 1112 4267 io
1130 4216 1178 4264 SV
1197 4210 1210 4285 Η
