2948 5010
614 394 883 478 -os-'

164 582 221 656 riis
243 585 404 666 praesunt.
449 579 525 645 item
547 579 623 644 dicit
645 581 807 646 Castorem
830 585 861 644 et
881 581 1043 648 Pollucem
1065 579 1267 667 Tyndaridas

164 689 364 777 geminorum
379 691 499 756 honore
515 688 690 770 decoratos,
707 689 792 772 quod
806 688 840 754 hi
854 690 1013 776 principes
1026 691 1169 758 dicantur
1178 712 1267 758 mare

164 806 267 866 tutum
290 827 310 865 o
331 799 547 885 praedonibus
574 799 801 882 maleficiisqne
827 805 974 884 pacatum
1003 800 1213 867 reddidissa·
1236 806 1268 866 et

165 933 229 995 quo
252 912 284 976 in
306 918 451 995 tempore
473 895 695 991 nauigarierint
719 929 790 974 cum
811 910 925 974 Iasone
947 912 1042 990 atque
1056 907 1202 978 Hercule
1223 913 1267 978 ad

164 1023 282 1106 pellem
292 1021 473 1087 inauratam
490 1019 699 1085 auferendam
714 1018 820 1082 multis
835 1017 999 1083 laboribus
1013 1021 1266 1112 tempestatibus·
1290 1047 1302 1084 s

168 1152 231 1216 que
252 1130 429 1209 conflictati,
452 1129 665 1213 periculorum
688 1134 781 1209 atque
804 1127 982 1192 animarum
1003 1130 1133 1212 experti,
1156 1130 1266 1216 inpen-

166 1241 220 1306 dio
243 1241 348 1325 potius
371 1240 465 1322 q‘nam
487 1237 636 1302 libentius
660 1236 847 1320 nauigantes
869 1236 1033 1303 laboribus
1048 1239 1186 1305 liberare
1202 1247 1266 1307 stu-

165 1351 304 1416 duerunt
320 1348 486 1436 [auxilium
501 1348 585 1414 ferre
600 1347 802 1433 precantibus
816 1346 1042 1435 institueruntl.
1070 1347 1178 1432 itaque
1194 1371 1265 1418 oum

165 1461 207 1524 ab
229 1460 306 1525 loue
329 1466 402 1525 sunt
424 1459 499 1525 elati
513 1457 693 1542 petiuerunt
707 1479 728 1523 a
741 1461 833 1541 patro
856 1455 917 1521 sihi
938 1455 1050 1522 liceret
1070 1459 1103 1524 in
1119 1480 1157 1527 eo
1172 1464 1263 1529 caelo

165 1569 328 1649 constitui,
361 1569 446 1634 unde
473 1568 658 1634 mortalibus
691 1566 880 1633 auxiliantes
907 1566 1090 1652 prospicere
1121 1578 1263 1655 possent.
1278 1599 1302 1638 rc

165 1698 246 1763 quas
270 1679 309 1745 ob
333 1699 384 1746 res
407 1678 502 1744 uenia
523 1679 600 1743 data
613 1677 773 1742 inmortali
787 1677 941 1743 memoria
955 1678 1089 1761 locoque
1105 1683 1265 1752 constituit

164 1804 199 1855 ct
219 1789 381 1872 plerisque
403 1773 589 1854 mortalibus
613 1787 824 1875 [auxiliantes]
847 1787 980 1871 gratiam
999 1797 1189 1882 conspectus
1211 1811 1265 1858 ex-

165 1899 304 1964 hibeant.
354 1906 427 1964 sunt
456 1899 510 1982 qui
537 1899 645 1964 dicunt
673 1899 841 1963 Herculem
871 1913 898 1964 ot
925 1898 1084 1964 Theseum
1111 1902 1265 1987 assequi

165 2007 363 2094 geminorum
385 2010 571 2075 memoriam
597 2008 757 2092 publicam
785 2007 1059 2091 possidentium,
1086 2012 1173 2092 quod
1199 2014 1264 2080 duo

164 2117 303 2183 maxime
331 2117 476 2185 dicuntur
503 2118 653 2183 artissimi
680 2117 847 2183 sodalitate
873 2117 1006 2200 parique
1031 2119 1189 2189 industria
1218 2131 1300 2191 atre

164 2246 228 2310 qne
244 2227 376 2312 egregia
398 2229 514 2295 uirtute
528 2227 677 2325 ‘decorati
698 2226 918 2311 sapientiaque
942 2229 1056 2295 ceteris
1077 2235 1264 2302 mortalibus

163 2344 396 2428 praestantes„
422 2357 559 2421 namque
592 2337 744 2403 Hercules
777 2337 944 2402 duodecim
977 2339 1073 2406 athlis
1104 2343 1265 2431 perfectis,

166 2468 249 2531 quae
272 2449 312 2515 ab
335 2450 513 2534 Eurystheo
537 2453 610 2515 sunt
633 2447 662 2512 ei
683 2448 847 2532 imperata,
871 2453 1001 2532 propter
1014 2449 1147 2519 Iunonis
1163 2455 1264 2521 Iouis·

164 2579 226 2643 quc
254 2560 458 2625 certationem
490 2558 675 2624 mortalibus
704 2556 892 2624 memoriam
926 2560 1136 2630 contentionis
1165 2565 1263 2631 admi-

163 2755 178 2808 1
199 2731 314 2827 prasina
331 2757 353 2804 n
373 2748 388 2822 Η
406 2751 464 2805 ner
482 2755 505 2802 r
523 2746 536 2819 Η
555 2746 709 2805 tindarides
728 2753 750 2800 n
773 2746 786 2819 Η
810 2749 827 2802 a
845 2748 884 2801 uu
901 2752 954 2804 ir.
966 2748 980 2820 Η
1006 2753 1023 2806 a
1040 2755 1129 2807 cotum
1147 2758 1195 2806 ar
1213 2753 1226 2828 Η
1246 2773 1264 2812 s

162 2858 247 2906 morp.
262 2858 353 2907 opopa.
366 2843 458 2891 Berol.
481 2835 494 2908 Η
514 2834 714 2904 molissimum
736 2835 749 2905 ΗΗ
769 2834 931 2888 reddisseA
952 2833 966 2906 Η
987 2839 1004 2893 6
1022 2838 1171 2895 animorum
1185 2847 1230 2897 ΑΡ
1248 2843 1262 2916 Η

162 2927 313 2982 animarum
324 2931 418 2994 scripsi
432 2925 446 2997 ΗΗ
460 2924 612 2978 nimborum
625 2941 637 2975 s
652 2921 664 2992 ΗΗ
678 2923 696 2977 8
707 2923 903 2993 praecantibns
917 2929 964 2977 ΑΡ
975 2925 989 2996 Η
1002 2943 1029 2997 p.
1042 2926 1205 2984 studuerunt
1216 2937 1239 2984 P
1248 2931 1262 3003 Η

161 3014 517 3069 auxilium-instituerunt
535 3016 622 3065 deterri
640 3015 673 3079 cf.
688 3014 720 3063 de
733 3015 760 3066 P.
773 3012 877 3078 Niptris
890 3016 989 3080 frosm.
1001 3020 1075 3082 pald.
1091 3014 1104 3088 Η
1126 3019 1160 3074 10
1175 3020 1264 3088 gratis

162 3105 317 3173 conspectu
328 3103 511 3156 liberanturri
526 3098 539 3170 ΗΗ
555 3101 587 3154 11
601 3097 665 3151 ueni
678 3096 712 3151 ad
725 3100 747 3149 A
762 3096 778 3168 ΗΗ
793 3099 871 3152 uenit
882 3099 919 3154 ad
931 3105 954 3152 P
967 3099 980 3172 Η
997 3102 1157 3160 ueniadata
1167 3111 1266 3176 scripsi

164 3188 178 3260 Η
192 3189 226 3245 12
237 3190 270 3242 ut
282 3192 411 3244 occidus
431 3191 444 3260 ΗΗ
465 3187 631 3243 auxiliantes
645 3190 731 3239 deieci
751 3184 764 3256 Η
784 3187 874 3256 gratia
886 3194 1097 3260 conspectnAP
1114 3190 1129 3264 ΗΗ
1147 3195 1265 3263 gratiam

162 3279 333 3348 conspectus
345 3281 440 3345 scripsi
461 3276 474 3346 ΗΗ
494 3277 528 3330 13
546 3274 731 3329 liberanturA
754 3273 766 3346 Η
787 3274 956 3347 praebentP
973 3276 987 3348 ΗΗ
1007 3279 1180 3336 exhibeanta
1197 3281 1215 3354 Η
1235 3288 1265 3339 et

163 3367 258 3418 addicti
277 3362 292 3436 Η
309 3364 449 3419 thesbinm
468 3367 489 3415 A
510 3362 522 3433 Η
547 3361 668 3416 tesbinm
686 3366 709 3413 P
731 3359 745 3433 Η
769 3362 907 3417 Theseum
926 3351 1072 3421 Mirtciics
1095 3366 1110 3440 ΗΗ
1135 3369 1261 3439 quiesse

162 3452 318 3522 genitorum
338 3449 548 3522 (genitoromffl
562 3460 630 3503 reate
644 3453 798 3516 hieratica)
817 3451 949 3506 memoria
965 3454 1097 3525 populum
1115 3455 1261 3527 possidere

162 3543 210 3592 ΑΡ
233 3539 248 3610 Η
272 3555 334 3594 asse
353 3540 400 3609 qui
418 3537 587 3609 geminorum
605 3536 763 3592 memoriam
781 3535 920 3608 publicam
938 3541 1088 3611 possident
1104 3546 1201 3609 scripsi
1226 3547 1261 3612 cf.

160 3647 239 3696 prop.
253 3632 329 3686 Posc.
348 3636 403 3696 ps
423 3628 435 3698 Η
457 3626 651 3696 Theseumque
670 3641 733 3680 esse
752 3624 885 3694 geminos.
904 3643 996 3682 eorum
1015 3629 1173 3684 memoriam
1191 3630 1264 3686 hunc

161 3716 255 3770 locum
273 3714 418 3786 possidere
437 3732 449 3767 ε
475 3712 487 3785 ΗΗ
514 3713 548 3768 14
565 3713 593 3767 hi
613 3713 725 3783 quadri
750 3710 764 3784 Η
788 3711 817 3765 id
835 3712 909 3783 quod
928 3718 950 3765 P
972 3713 985 3785 ΗΗ
1011 3717 1044 3771 15
1061 3718 1190 3786 maximni
1207 3723 1230 3772 Ρ
1248 3717 1268 3792 Η-

161 3805 198 3860 16
216 3803 342 3872 egregrie
360 3808 382 3855 P
399 3798 413 3874 Η
434 3799 592 3854 decoration
610 3801 684 3872 piaq.
703 3804 725 3853 A
744 3801 764 3871 Η
790 3801 948 3856 decoratisa
965 3802 1086 3876 pia-quc
1105 3811 1127 3858 P
1147 3803 1161 3877 Η
1176 3806 1268 3862 deoc-¹

160 3891 217 3945 rati
235 3890 427 3962 sapientiaque
445 3907 457 3942 ε
478 3888 490 3959 Η
515 3887 689 3943 immortalib.
708 3891 847 3943 restantes
867 3894 886 3941 Α
909 3887 923 3959 ΗΗ
948 3890 1113 3946 inmortalib.
1132 3893 1262 3949 restanti-

160 3980 251 4033 busP
270 3977 283 4048 ΗΗ
304 3976 465 4033 mortalibus
483 3979 660 4048 praestantes
679 3995 690 4030 r
711 3973 725 4045 Η
745 3976 777 4030 17
796 3976 861 4030 atlis
874 3979 921 4029 ΑΡ
940 3975 953 4046 Η
972 3977 1135 4050 perfectisq.
1154 3981 1189 4035 ab
1207 3980 1261 4053 ΡΗ

160 4067 199 4122 18
215 4068 384 4136 eurystaoA
412 4064 427 4134 ΗΗ
451 4064 572 4118 euristco
590 4068 613 4116 P
634 4062 648 4135 Η
674 4064 700 4117 ei
719 4082 767 4119 om.
786 4067 808 4114 P
829 4061 853 4135 Η
868 4064 901 4120 19
919 4064 1028 4120 mortali
1046 4068 1177 4122 memoria
1195 4084 1260 4122 con·

159 4153 297 4208 tentionis
315 4153 498 4208 animantibus
517 4151 540 4205 ib
558 4150 678 4222 putando
698 4149 850 4224 (putandos
869 4156 904 4219 P)
924 4168 1009 4208 causa
1028 4157 1072 4207 ΑΡ
1098 4153 1113 4227 Η
1140 4153 1261 4210 mortali·

160 4242 216 4298 bns
235 4239 351 4313 gloriam
365 4239 532 4313 (memoriam
545 4236 603 4311 epo)
623 4237 808 4296 contentionis
827 4238 1025 4299 admirantibus
1040 4238 1092 4322 [et]
1106 4245 1212 4324 partem
1227 4258 1263 4303 sa
