2948 5010
607 390 838 458 -155—

165 557 274 645 ceret]‚
291 546 340 649 ne
362 564 547 642 paterentur
569 578 671 641 genus
692 559 856 625 hominum
879 558 968 624 affici
987 559 1129 644 indignis
1144 559 1314 627 calami-S

164 666 293 732 tatibus.
306 667 436 753 factam
459 682 503 732 est
525 682 559 732 at
581 694 601 732 a
624 667 688 732 dib
710 671 880 753 impetrari
894 672 1005 754 possit.
1043 669 1156 750 Itaque
1178 667 1275 732 uenia

163 774 242 838 data
265 775 470 840 constitutum
493 780 542 841 est
563 796 585 839 a
607 775 686 853 deis,
708 780 743 839 ut
764 782 837 859 pust
860 776 1026 841 caniculae
1049 775 1163 842 stellae
1185 795 1273 840 exor·
1314 816 1329 845 .'

164 887 217 948 tus
231 883 319 948 uenti
334 883 509 967 perderent
524 884 650 950 circiter
673 882 742 949 dies
764 907 804 947 xn
827 885 960 966 eiusque
981 885 1184 969 pestilentiae
1206 884 1273 949 uim

162 991 378 1071 absciderent.
402 999 594 1076 quapropter
616 1012 637 1056 a
660 992 722 1057 diis
737 993 904 1058 Aristaeus
927 993 1009 1059 inter
1031 999 1118 1060 astra
1138 999 1188 1058 est
1209 995 1274 1058 col·
1299 1012 1310 1048 ⁵

164 1099 299 1166 locatus.
321 1102 420 1167 babet
442 1107 549 1166 autem
572 1101 684 1166 stellas
707 1102 859 1183 aquarius
881 1101 914 1165 in
937 1103 1040 1186 capite
1064 1103 1218 1167 obscuras
1239 1126 1273 1180 11,

163 1209 199 1273 in
221 1209 358 1291 singulis
380 1209 520 1274 humeris
542 1209 687 1292 singulas
704 1211 852 1295 amplas,
873 1211 907 1275 in
928 1210 1056 1275 sinistro
1080 1211 1186 1275 cubito
1209 1212 1275 1276 cla-

164 1338 234 1382 ram
258 1341 279 1390 1,
304 1318 337 1382 in
359 1318 471 1382 dextro
495 1319 600 1383 cubito
623 1340 651 1396 1,
674 1317 707 1381 in
731 1318 865 1402 singulis
888 1319 1036 1385 manibus
1058 1319 1218 1402 singulas,
1240 1319 1275 1383 in

165 1427 303 1511 singulis
318 1427 469 1494 mamillis
491 1428 647 1510 singulas,
671 1427 782 1492 subtus
797 1411 959 1493 mamillas
974 1429 1129 1513 singulas,
1150 1428 1184 1490 in
1200 1426 1274 1491 dex·
1357 1417 1358 1420 '

163 1540 215 1600 tre
242 1536 401 1615 lumbar,
430 1537 463 1600 in
490 1536 626 1618 singulis
653 1536 790 1620 genibus
813 1536 970 1618 singulas,
1000 1539 1034 1601 in
1061 1537 1175 1604 dextra
1197 1536 1275 1601 tibia
1290 1556 1312 1594 ιο

165 1663 272 1728 unam,
296 1645 330 1708 in
352 1646 487 1728 singulis
509 1645 645 1730 pedibus
668 1644 823 1728 singulas.
846 1650 920 1709 sunt
942 1665 1054 1711 omnes
1075 1670 1165 1710 xvm.
1196 1647 1274 1711 effu-
1354 1673 1356 1678 ·

164 1752 214 1817 sie
237 1758 344 1817 autem
367 1774 471 1838 aquae
495 1755 610 1820 dextra
624 1754 784 1835 laeuaque
801 1752 835 1816 fit
858 1772 898 1818 ex
920 1754 1020 1819 stellis
1042 1778 1132 1834 xxxi,
1155 1756 1189 1820 in
1212 1775 1276 1837 qua
1321 1771 1329 1778 ’

164 1860 249 1925 duae
272 1862 461 1945 splendidae
483 1869 566 1947 sunt,
591 1869 719 1929 ceterae
742 1881 818 1927 uero
842 1863 1009 1929 obscurae.

251 1969 467 2054 Capricornus
503 1991 581 2037 sane
608 1970 847 2037 similitudinem
875 1971 973 2036 habet
998 1972 1199 2058 Aegipanes,
1229 1972 1275 2038 sic

164 2084 274 2145 autem
300 2084 350 2145 est
377 2080 493 2146 factus.
527 2082 626 2146 habet
655 2084 761 2144 autem
788 2075 997 2164 posteriorem
1021 2088 1144 2166 partem
1167 2082 1272 2164 piscis,
1288 2101 1312 2139 1⁵

163 2187 307 2270 priorem
335 2190 522 2274 capricorni.
556 2192 639 2254 hune
660 2189 813 2254 honorem
837 2197 1004 2255 assecutus
1028 2190 1156 2268 dicitur,
1187 2190 1274 2272 qued

165 2315 238 2360 cum
263 2297 340 2364 leue
362 2304 447 2364 esset
468 2299 614 2364 nutritus.
648 2297 855 2381 Epimenides
876 2298 964 2377 dicit,
986 2299 1019 2362 in
1041 2299 1102 2363 Ida
1122 2304 1275 2380 utrosque

164 2405 301 2471 nutritos
323 2414 356 2472 et
378 2408 421 2472 ad
443 2408 630 2474 Titanorum
650 2404 776 2474 'bellum
799 2428 869 2473 cum
892 2409 971 2474 que
993 2407 1180 2492 profectum.
1210 2407 1276 2473 uic·

235 2564 242 2589 1

251 2615 464 2698 Capricornus
487 2636 575 2701 sane,
599 2617 652 2700 qni
676 2637 747 2682 cum
770 2616 875 2709 cauda
897 2600 994 2699 piscis
1015 2617 1163 2701 pingitur,
1188 2617 1312 2698 quode

164 2723 261 2789 huius
282 2726 416 2810 mensis,
442 2725 476 2789 in
505 2746 568 2807 quc
595 2730 657 2809 per,
675 2745 747 2792 eum
776 2726 825 2791 sol
853 2726 963 2804 currit,
990 2725 1100 2789 uldma
1121 2725 1185 2790 sint
1205 2725 1274 2807 plu·
1287 2753 1313 2794 ro

164 2833 266 2898 niusa.
300 2852 395 2916 quem
420 2831 551 2899 fabulae
579 2834 699 2900 alone
725 2834 808 2900 inter
834 2840 922 2899 astra
946 2833 1143 2900 conlocatum
1170 2831 1275 2897 ferunt

164 2947 294 3026 prepter
319 2961 471 3027 capream
498 2950 631 3009 matrem
660 2944 744 3030 eius,
778 2962 863 3027 quae
899 2942 1013 3008 dicitur
1039 2940 1140 3006 fuisse
1167 2941 1274 3008 nutrix

111 3143 113 3151 J
166 3051 264 3130 Iouis,
287 3051 356 3117 sine
378 3049 558 3133 quodcum
580 3052 637 3119 illo
658 3051 762 3138 suerit,
785 3052 914 3137 qnando
930 3070 1025 3135 super
1040 3050 1173 3116 Titanas
1195 3051 1276 3116 mili-

199 3264 214 3318 1
233 3266 377 3334 peteretur
396 3268 417 3315 S
436 3262 450 3334 11
471 3263 545 3318 affici
564 3266 650 3316 om.8
669 3260 683 3333 11
703 3263 721 3318 3
738 3264 774 3317 ab
793 3264 835 3317 eis
855 3267 875 3314 S
895 3264 907 3333 11
928 3279 946 3316 a
963 3262 1019 3316 diis
1036 3266 1058 3314 V
1076 3263 1088 3334 11
1108 3278 1127 3332 p
1147 3262 1314 3320 caniculas

163 3354 212 3404 SV
230 3348 244 3420 11
263 3351 282 3405 4
300 3349 362 3404 dies
382 3350 494 3404 circiter
511 3356 534 3403 V
552 3349 564 3419 11
585 3349 602 3404 5
619 3349 752 3403 Aristeus
771 3351 816 3417 (=
826 3353 857 3414 S)
877 3349 961 3403 adiis
981 3355 1000 3402 V
1021 3347 1034 3420 11
1055 3348 1210 3403 collocatus
1230 3354 1275 3404 est

168 3441 190 3489 V
208 3435 222 3506 11
242 3438 260 3492 6
277 3437 409 3507 aquarius
428 3437 526 3491 stellas
545 3443 567 3490 V
585 3434 597 3506 11
622 3437 637 3499 l
657 3435 753 3490 cubitu
772 3440 793 3486 S
814 3434 828 3506 11
848 3438 865 3491 8
884 3436 980 3490 cubitu
1000 3441 1020 3488 S
1040 3433 1053 3504 11
1074 3438 1090 3490 9
1109 3434 1208 3488 subtus
1226 3439 1276 3488 SV

163 3541 198 3575 aa
218 3522 272 3576 snb
287 3521 334 3594 211
354 3526 389 3580 10
406 3523 527 3578 lnnboS
547 3524 561 3594 11
581 3523 610 3576 in
629 3523 729 3576 dextra
745 3521 818 3576 tibia
834 3538 916 3576 unam
936 3542 985 3575 om.
1003 3527 1026 3575 V
1045 3523 1058 3591 11
1084 3520 1274 3578 lleffuxios

162 3606 233 3680 1112
252 3625 319 3663 nero
345 3616 367 3664 V
384 3608 398 3680 11
419 3625 455 3664 ex
473 3630 522 3664 om.
541 3616 563 3663 V
582 3609 595 3680 11
616 3627 685 3662 xxm
704 3624 819 3678 quarum
843 3612 864 3659 V
887 3607 900 3678 11
927 3626 983 3678 qna
1001 3627 1069 3671 cor·
1089 3626 1125 3660 en
1143 3623 1199 3676 qno
1218 3610 1239 3659 S
1258 3604 1273 3678 11

160 3697 196 3752 13
216 3711 284 3749 uero
303 3715 352 3750 om.
371 3702 393 3750 V
416 3696 429 3767 11
455 3699 490 3752 14
506 3704 517 3750 i
535 3696 744 3751 similitudinem
762 3699 783 3746 S
803 3693 817 3765 11
837 3711 979 3766 egypanos
998 3700 1047 3749 SV
1069 3692 1084 3764 11
1109 3696 1143 3750 16
1162 3698 1192 3748 et
1209 3695 1275 3758 hinc

163 3786 188 3833 V
208 3782 222 3850 11
248 3780 351 3836 dicitur
368 3788 516 3837 assecutus
536 3799 569 3836 eo
594 3789 616 3836 V
639 3783 653 3853 11
677 3784 711 3836 17
730 3783 769 3835 sit
792 3788 814 3836 V
831 3780 844 3851 11
865 3782 1029 3853 Epimenies
1048 3785 1069 3834 S
1089 3780 1103 3852 11
1120 3772 1272 3851 Εργωοῃί·

159 3867 215 3922 des
234 3871 255 3920 S
279 3865 294 3938 11
318 3867 414 3938 ilias
440 3866 458 3946 11
481 3867 537 3937 yda
560 3875 581 3922 V
605 3867 620 3939 11
646 3871 681 3924 18
699 3885 763 3922 esse
782 3869 937 3939 profectum
957 3885 1038 3938 quem
1056 3869 1165 3939 Iupiter
1183 3869 1274 3921 uictor

159 3954 251 4010 astris
269 3953 363 4008 intulit
385 3959 407 4006 V
426 3951 439 4023 11

197 4084 233 4140 19
253 4081 450 4154 Capricornius
466 4080 543 4136 0⁶6⁶
562 4081 577 4154 11
596 4083 739 4156 pinguitur
755 4087 847 4152 priore
865 4101 883 4137 u
902 4101 982 4141 erasa
998 4081 1035 4138 0⁶
1056 4085 1069 4156 11
1091 4101 1126 4139 eo
1145 4083 1219 4155 quod
1234 4085 1273 4136 aa
1288 4083 1311 4130 G

155 4169 201 4227 (3⁶
222 4168 236 4243 11
256 4171 291 4226 21
310 4170 374 4244 icus
395 4166 473 4251 0⁶6⁶
493 4167 506 4240 11
525 4167 655 4257 221116
675 4169 689 4243 11
708 4170 744 4226 23
761 4169 921 4226 militabunt
940 4169 1017 4225 6⁶6⁶
1037 4169 1052 4242 11
